2340 3834
387 135 437 190 An
455 134 640 190 nucumuu
657 136 723 191 um.
738 137 759 191 1.
1033 135 1074 201 19

63 306 116 362 tur
149 302 236 378 quasi
266 303 369 381 figura.
425 303 495 364 Ideo
528 308 676 381 geometre
709 323 771 382 eas,
802 305 858 363 etsi
891 308 960 363 sunt
991 306 1075 383 lineo,

60 394 200 451 fecemnt
217 393 282 452 loco
300 392 402 470 figure,
426 411 493 451 cum
511 393 656 469 dixemnt,
675 393 754 469 quod
773 393 900 453 circulus
919 414 978 455 non
997 399 1077 454 secat

64 481 211 540 circulum
234 481 292 539 nisi
314 481 347 539 in
370 481 484 540 duobus
502 482 629 557 punctis.
670 482 787 542 Nolunt
805 483 883 541 enim
901 483 1075 560 intelligere,

67 589 134 628 cum
156 570 261 628 dicunt
284 570 433 645 circulum,
456 569 514 628 nisi
537 570 803 647 circonferontiam,
826 575 856 630 et
877 591 944 630 cum
962 576 1076 647 protra-

67 659 142 717 hunt
167 659 199 716 in
226 658 291 733 ipso
319 659 426 734 lineae,
455 661 485 717 et
511 663 627 735 ponunt
654 659 681 717 ei
710 663 856 736 centrum,
884 661 999 719 faciunt
1022 661 1075 737 ita,
1103 674 1115 714 5

67 766 100 806 ac
123 747 149 805 si
172 750 250 806 esset
272 747 448 822 superficies.
494 748 623 823 Ideoque
647 748 766 807 videtur
787 749 872 825 mihi,
897 750 985 824 quod,
1009 768 1077 808 cum

65 836 225 895 Euonmas
250 835 391 896 diffinivit
413 835 524 894 lincam
546 840 658 895 rectam
681 841 711 895 et
730 837 865 913 figuram,
890 857 979 914 quam
997 841 1076 897 recte

65 923 321 1000 comprehendunt
352 924 442 999 linae,
476 928 506 983 et
536 925 568 982 in
600 926 709 984 circulo
740 926 922 1000 pretermisit
949 926 1076 985 diffinire

63 1013 322 1073 circonferentiam
359 1016 389 1072 et
425 1013 566 1072 diffinivit
596 1014 725 1090 figuram
755 1015 927 1089 rotundam,
964 1016 1077 1074 scilicet

63 1103 224 1177 circulum,
252 1102 318 1160 ideo
345 1101 429 1177 fecit,
457 1104 494 1160 ut
521 1102 638 1178 doceat,
666 1103 747 1178 quod
773 1103 852 1161 linea
879 1104 1008 1162 rotunda
1031 1109 1076 1162 est
1090 1118 1116 1157 10

63 1191 167 1266 aliquo
194 1190 281 1249 modo
309 1190 418 1267 figura,
446 1193 476 1249 ct
499 1191 602 1266 ctiam,
631 1192 703 1266 quia
730 1192 854 1251 circulus
881 1210 940 1249 non
962 1192 996 1250 fit
1019 1191 1076 1251 nisi

61 1282 189 1356 propter
210 1282 327 1338 motum
348 1279 436 1356 linee,
460 1298 518 1354 que
541 1280 727 1355 protrahitur
750 1299 768 1339 a
791 1284 890 1340 centro
910 1280 948 1338 ad
967 1281 1076 1339 circon-

62 1368 224 1426 fercntiam
251 1387 317 1426 cum
344 1367 459 1426 fixitate
487 1369 592 1443 centri,
626 1371 656 1426 ct
683 1372 754 1428 tunc
781 1369 815 1428 fit
844 1369 1075 1427 circonferentia.

64 1457 147 1534 Ergo
175 1456 242 1532 ipsa
270 1475 329 1516 non
356 1457 392 1514 fit
418 1456 477 1515 nisi
505 1476 538 1515 eo
566 1457 667 1532 modo,
696 1477 754 1533 quo
781 1458 816 1516 fit
839 1457 1018 1532 superficies,
1047 1461 1077 1516 et

64 1564 127 1604 non
152 1545 187 1603 fit
210 1564 244 1605 eo
267 1545 367 1620 mod0,
396 1564 454 1620 quo
477 1545 569 1619 linea,
598 1546 710 1605 scilicet
733 1546 805 1621 quia
828 1566 863 1604 ex
885 1547 965 1605 linea
986 1548 1075 1621 recta,
1090 1560 1116 1600 15

64 1641 133 1692 cum
161 1633 227 1708 ipsa
254 1637 403 1707 movetur,
432 1653 485 1709 per
508 1652 538 1692 se
561 1635 698 1710 provenit
721 1634 898 1711 superficies,
924 1637 954 1693 et
977 1635 1075 1711 ctiam,

65 1722 139 1798 quia
161 1722 241 1779 linea
264 1721 446 1798 circonflexa,
470 1741 537 1780 oum
560 1723 687 1782 exterius
710 1724 801 1782 habet
818 1724 1028 1801 gibbositatem
1046 1727 1076 1782 et

62 1810 191 1869 interius
225 1810 453 1885 concavitatem,
485 1811 558 1869 facit
588 1812 763 1888 existimari,
796 1813 876 1888 quod
904 1813 944 1871 sit
970 1813 1075 1889 figura,

64 1900 136 1958 licet
158 1918 218 1958 non
241 1899 332 1957 habet
353 1899 553 1976 latitudinem,
576 1903 697 1975 propter
719 1902 782 1976 hoc,
807 1901 886 1976 quod
908 1902 999 1959 habet
1017 1903 1075 1960 for-

66 2008 148 2047 mam
171 1988 207 2046 de
229 1988 301 2046 foris
325 1990 355 2046 et
377 1989 504 2046 formam
526 1988 614 2047 intus.
1089 2006 1114 2044 co

130 2077 271 2135 Preterca
303 2076 487 2151 querendum
519 2080 564 2135 est
594 2077 692 2152 nobis,
730 2097 821 2152 quare
853 2078 1011 2137 Eucnmas
1043 2079 1075 2136 in

63 2165 243 2224 diffinitione
272 2166 438 2241 figurarum
465 2165 600 2241 premisit
627 2166 771 2225 circulum
798 2166 915 2242 figuris,
948 2186 1075 2242 quarum

62 2256 162 2314 latera
195 2257 264 2313 sunt
295 2256 389 2328 recta,
422 2255 453 2311 et
483 2253 515 2311 in
545 2255 647 2312 ordine
673 2255 848 2332 figmarum,
882 2273 948 2313 cum
975 2256 1010 2313 de
1037 2255 1073 2314 iis

62 2345 184 2404 locutus
213 2345 269 2418 est,
297 2342 433 2418 premisit
459 2342 583 2420 figuras,
612 2362 737 2418 quarum
764 2344 860 2401 latera
888 2346 958 2402 sunt
985 2347 1074 2418 recta,

62 2432 190 2492 circulis.
231 2431 337 2490 Dicam
356 2449 426 2507 ergo
444 2430 581 2508 breviter,
605 2432 719 2490 scilicet
737 2433 818 2506 quod
834 2432 929 2509 figure
947 2433 1073 2491 rotunde
1088 2447 1113 2486 25

62 2521 193 2582 cariores
213 2523 281 2578 sunt
298 2519 411 2597 figuu's,
435 2538 562 2594 quarum
579 2521 675 2580 latera
694 2524 765 2579 sunt
777 2523 867 2596 recta,
887 2523 917 2578 et
931 2522 1073 2598 oportuit,

63 2614 99 2670 ut
119 2609 332 2686 promittentur
349 2608 537 2683 probationes
556 2608 727 2685 figurarum,
747 2628 876 2684 quarum
893 2610 989 2668 latera
1003 2614 1074 2669 sunt

61 2702 154 2758 recta.
201 2698 241 2755 nt
264 2697 367 2773 etiam,
393 2697 419 2755 si
442 2697 549 2772 aliquis
573 2716 694 2772 querere
717 2698 813 2756 voluit
836 2717 955 2757 causam
977 2698 1072 2775 huiuS,

61 2789 171 2862 dicam,
193 2786 274 2862 quod
296 2786 422 2844 forsitan
444 2785 504 2844 ista
527 2789 580 2861 est,
603 2787 676 2861 quia
697 2785 804 2863 figure,
828 2805 955 2862 quarum
977 2788 1073 2846 latera

62 2879 135 2936 sunt
167 2878 262 2950 recta,
294 2873 389 2950 magis
417 2877 486 2933 note
513 2892 560 2932 res
588 2878 658 2933 sunt
685 2874 809 2934 circulis
862 2874 936 2934 Cum
964 2875 1072 2951 aliquis
1086 2891 1112 2931 eo

61 2965 190 3024 circulos
219 2962 320 3021 metiri
346 2963 488 3037 voluerit,
518 2981 578 3022 non
605 2963 716 3039 poterit
743 2982 791 3022 eos
819 2983 988 3023 mensurare
1015 2965 1072 3024 nisi

61 3074 131 3114 cum
157 3052 262 3129 figuris
289 3050 461 3127 rectilineis,
489 3051 555 3110 ideo
583 3051 663 3126 quod
688 3052 840 3127 proportio
867 3053 954 3112 unius
980 3053 1071 3112 circu·

60 3145 162 3206 lorum
186 3141 225 3200 ad
247 3141 376 3199 alterum
399 3143 443 3198 est
466 3139 542 3198 sicut
564 3140 716 3215 proportio
741 3141 881 3216 quadrati
903 3142 991 3200 unius
1010 3141 1071 3200 dia-

61 3236 227 3291 metrorum
250 3229 288 3287 ad
311 3229 400 3287 aliud.

136 3370 160 3418 2.
185 3362 322 3433 fecerunt]
341 3361 461 3415 fuerunt.
486 3392 519 3400 —
544 3361 641 3432 figura.
666 3393 699 3402 —-
726 3369 749 3418 3.
773 3362 881 3417 Nolunt
910 3364 1017 3418 volunt.
1037 3394 1071 3403 —

63 3432 280 3562 {peppptimari
298 3464 333 3472 -
357 3438 399 3487 20.
419 3431 454 3485 de
471 3431 575 3486 formis⁴
599 3465 633 3473 —
656 3439 697 3488 30.
719 3433 785 3488 Post
797 3436 863 3488 note
913 3441 977 3504 sept.
993 3435 1071 3489 addit

888 3593 930 3647 Ἃ*
