2340 3834
95 150 160 215 236
383 150 548 204 ANARITH
566 149 822 204 COMMENTARII

96 338 137 393 ay
159 318 255 378 maior
277 321 324 392 by.
368 319 483 378 Ponam
510 318 601 377 etiam
623 319 734 377 lineam
755 318 935 377 rationalem
957 319 988 376 in
1010 319 1088 396 long

95 406 198 466 tudine
217 409 481 466 communicantem
499 406 532 465 in
549 407 736 484 longitudine
753 407 831 465 linee
850 407 948 484 posite
966 407 1088 468 ratiom

95 496 128 553 in
150 495 352 573 longitudine,
380 516 436 572 que
460 497 499 554 sit
521 497 600 555 linea
626 499 673 571 tt,
697 500 728 554 et
749 497 904 572 proportio
927 497 1042 554 numeri
1080 529 1088 554 ι

96 585 135 642 ad
161 604 318 643 numerum
345 587 386 644 ab
414 585 454 644 sit
481 586 559 644 sicut
581 585 734 661 proportio
758 585 898 660 quadrati
919 586 995 645 facti
1017 605 1050 643 ex

69 673 136 731 aad
159 674 338 749 quadratum
361 675 474 732 factum
497 694 532 733 ex
555 675 600 732 lle:
624 694 694 751 ergo
718 675 751 731 tle
773 676 819 732 est
838 675 959 751 longior
979 676 1021 732 tt.
1079 674 1088 730 ζ

96 781 214 837 ponam,
237 766 272 821 ut
289 765 328 822 dc
346 763 387 821 sit
404 763 519 838 equalis
537 764 582 837 tle,
605 781 697 838 supra
715 781 805 837 quam
823 763 1004 821 constituam
1021 781 1088 821 sen

97 851 243 910 circulum
265 853 338 926 dec,
360 853 392 910 in
416 871 474 927 quo
497 870 606 927 ponam
623 853 734 910 lineum
752 853 792 910 de
813 853 952 927 equalem
969 852 1044 909 linee
1074 853 1088 906 i

164 1005 180 1110 lp
261 1005 413 1073 quadratas
488 1019 505 1109 p
652 1019 709 1057 noo
728 1004 881 1072 quadratus
1027 1021 1044 1109 p

100 2181 170 2238 ergo
202 2161 354 2240 proportio
383 2159 522 2237 quadrati
551 2161 590 2218 de
621 2157 659 2216 ad
687 2158 865 2234 quadratum
893 2163 934 2220 dr
961 2166 1006 2220 est
1032 2159 1088 2220 sic

99 2251 252 2328 proportio
284 2250 400 2309 numeri
432 2251 473 2309 ab
505 2248 543 2306 ad
574 2267 729 2306 numerum
761 2266 809 2321 oq.
866 2248 924 2308 Sed
956 2257 1088 2326 proport

60 2362 86 2400 10
99 2340 215 2400 numeri
237 2342 278 2398 ab
298 2339 509 2397 adnumerum
528 2356 570 2411 oq
588 2355 647 2394 non
666 2339 711 2394 est
729 2337 805 2394 sicut
823 2340 976 2414 proportio
995 2352 1088 2397 num⁴

59 2469 60 2472 η
100 2428 240 2505 quadrati
266 2428 304 2486 ad
330 2447 486 2486 numerum
513 2425 704 2500 quadratum:
734 2445 803 2501 ergo
832 2428 871 2485 de
898 2447 957 2486 non
981 2437 1088 2486 comm

100 2518 181 2576 nioat
207 2519 248 2577 de
274 2516 306 2573 in
333 2515 533 2591 longitudine,
560 2513 611 2573 sed
639 2514 838 2572 communicat
860 2516 887 2572 ci
910 2516 943 2572 in
965 2511 1088 2592 posent

102 2605 159 2663 Sed
182 2606 222 2664 dr
244 2607 289 2663 est
312 2604 467 2662 rationalis
490 2604 521 2661 in
544 2601 740 2679 longitudine,
765 2603 907 2677 quoniam
931 2607 977 2663 est
995 2613 1088 2679 equa

100 2695 147 2767 let,
180 2711 249 2768 ergo
282 2691 338 2750 due
364 2691 441 2750 linee
473 2693 513 2751 dr
542 2693 573 2749 et
601 2692 640 2749 dc
669 2690 701 2747 in
727 2692 863 2765 potentia
892 2695 1010 2750 tantum
1040 2700 1088 2748 su

61 2801 86 2841 15
100 2781 261 2840 rationales
281 2783 311 2838 et
330 2780 587 2854 communicantes,
607 2783 637 2837 et
655 2780 695 2838 dr
710 2780 806 2837 minor
820 2782 1019 2840 communicat
1030 2777 1088 2838 lin

100 2868 242 2929 rationali
267 2868 299 2926 in
326 2868 519 2944 longitudine.
569 2869 610 2926 Et
637 2868 707 2942 quia
730 2869 882 2943 proportio
906 2869 1047 2944 quadrati
1080 2878 1088 2913 ⁴

101 2959 139 3016 ad
162 2958 342 3034 quadratum
364 2959 404 3016 dr
426 2960 471 3015 est
493 2957 570 3014 siout
587 2957 739 3032 proportio
758 2957 872 3015 numeri
891 2961 933 3016 ab
952 2959 1088 3016 eduum

100 3066 168 3105 rum
191 3066 241 3122 cy,
265 3051 294 3106 et
317 3045 376 3105 duo
400 3044 547 3120 quadrata
570 3046 610 3104 dr
633 3048 663 3102 et
679 3062 715 3104 re
733 3048 804 3103 sunt
822 3047 943 3120 equalia
962 3046 1088 3122 quadr&

102 3137 153 3211 de,
181 3155 247 3194 cum
276 3153 344 3210 ergo
369 3132 553 3194 diviserimus
577 3135 607 3191 et
630 3134 860 3192 converterimus
885 3139 915 3192 et
938 3141 1088 3211 composw

60 3225 205 3298 norimus,
233 3223 290 3282 erit
312 3223 463 3299 proportio
487 3221 627 3297 quadrati
650 3224 689 3280 dc
711 3222 750 3279 ad
773 3224 954 3298 quadratum
976 3243 1010 3283 er
1031 3219 1088 3281 sicu

101 3313 252 3390 proportio
275 3312 390 3370 numeri
413 3314 453 3371 ab
477 3310 515 3368 ad
537 3330 693 3368 numerum
711 3312 759 3384 by.
797 3310 855 3370 Sed
874 3314 914 3371 ab
934 3317 964 3371 et
982 3315 1020 3386 by
1036 3315 1088 3368 sun

170 3523 192 3574 2,
214 3516 434 3573 comunicantes.
453 3549 486 3557 —
507 3521 549 3570 10.
567 3531 625 3569 non
643 3514 729 3568 etiam
745 3515 898 3584 proportio.
