2340 3834
344 167 394 220 AD
413 165 599 220 EUCLIDEM
616 165 682 219 LIB.
697 165 730 220 X.
973 163 1038 228 303

42 333 195 410 uperficies
218 335 355 394 medialis
379 337 408 392 et
430 335 510 393 linea
532 334 676 393 medialis.
721 333 814 392 Linea
837 332 916 391 euim
933 333 1038 409 potens

41 443 118 499 upra
142 442 207 482 eam
230 424 256 482 si
279 428 356 483 esset
377 424 543 498 rationulis,
567 426 644 482 esset
666 422 847 498 quadratum
868 422 930 480 eius
949 421 1038 479 retio-

42 512 107 587 rale,
136 516 167 570 et
194 516 272 572 esset
299 512 465 588 superficies
492 514 532 586 by
555 513 668 587 equalis
692 511 837 587 quadrato
862 511 924 569 eius
946 509 1039 568 retio-

42 600 114 660 relis.
161 600 219 659 Sed
241 602 302 659 iam
325 605 477 661 ostensum
500 604 554 675 est,
577 600 657 676 quod
679 601 745 676 ipsa
769 604 814 658 est
836 598 933 658 surda.
970 598 1040 656 Nou

416 709 486 767 ergo
509 694 635 749 vocetur
657 690 698 764 by
719 689 868 764 medialis,
891 688 950 747 nisi
968 687 1040 763 quie
1067 697 1080 739 5

158 786 174 824 ὅ
417 779 455 838 eb
483 780 545 838 eius
572 777 807 838 extremitatibus
836 778 1041 853 producuntur

418 887 466 943 ea,
494 866 599 943 quibus
626 867 693 943 ipsu
721 871 765 926 est
791 866 897 924 media.
955 864 1040 934 Quod

64 1005 145 1043 mg
160 1001 179 1036 a
354 985 373 1038 d
417 957 482 1015 ideo
506 960 563 1032 est,
589 956 730 1032 quoniam
751 956 860 1014 seciam
884 972 974 1030 supra
998 955 1040 1027 αφ

42 1052 52 1092 l
88 1058 122 1120 Ϊ
159 1055 363 1158 *Ὗ
418 1045 597 1120 quadratum
626 1063 678 1120 pc,
712 1047 741 1103 et
773 1063 864 1120 supra
893 1045 935 1102 ab
966 1061 1038 1118 qua·

50 1104 138 1211 liiiio
164 1162 184 1246 ἐ
418 1134 536 1192 drotum
568 1136 623 1210 bd,
659 1136 689 1192 et
720 1132 871 1209 complebo
902 1132 1038 1209 figuram.
1053 1145 1079 1183 10

51 1193 147 1310 lm
165 1247 184 1294 o·
416 1223 574 1298 proportio
593 1224 686 1301 igitur
704 1224 748 1281 oe
770 1221 808 1280 ou
831 1241 873 1296 oo
893 1224 939 1280 ost
961 1221 1040 1279 siout

50 1298 184 1423 iiiiii*
416 1313 570 1387 PPOPOffio
594 1314 635 1371 bo
658 1312 697 1370 ad
715 1329 761 1370 ur.
804 1309 862 1369 Sed
884 1310 1038 1385 proportio

49 1429 53 1473 ι

417 1402 461 1460 cd
484 1401 522 1458 ad
540 1419 582 1475 ap
606 1403 652 1459 est
669 1401 746 1459 sicut
763 1400 916 1475 proportio
936 1417 1038 1474 super-

152 1501 168 1553 b
415 1489 493 1548 ficiei
515 1491 557 1548 db
581 1491 619 1548 od
641 1488 827 1564 superficiem
845 1490 897 1562 by,
921 1488 951 1545 et
970 1505 1038 1561 pro-

415 1579 515 1654 portio
533 1580 575 1637 bo
597 1578 636 1636 ed
656 1596 696 1637 cr
719 1579 764 1636 est
786 1577 863 1636 siout
883 1576 1037 1652 proportio
1053 1587 1078 1626 15

42 1667 192 1739 uperficiei
206 1669 246 1741 bp
264 1665 303 1724 ud
321 1666 506 1743 superficiem
517 1685 570 1740 pa:
590 1685 659 1744 ergo
678 1665 845 1742 superficies
864 1667 918 1741 db,
933 1667 986 1740 by,
997 1681 1038 1738 qr

42 1759 96 1814 unt
113 1756 253 1815 continue
272 1755 432 1814 secundum
449 1756 671 1831 proportionem
689 1774 788 1813 unam.
824 1754 1037 1830 Multiplicetio

42 1857 96 1917 rgo
108 1846 203 1920 prime
218 1846 250 1902 iu
263 1845 384 1903 tertiam
398 1848 444 1903 est
457 1845 571 1920 equalis
585 1843 830 1920 multiplicationi
842 1843 940 1902 medie
952 1837 985 1901 iu
998 1861 1038 1917 se,

42 1943 83 1988 ue
109 1936 154 1992 est
177 1936 224 2008 ὁρ.
263 1933 440 2008 Superficies
463 1952 533 1991 vero
557 1935 600 1992 bd
618 1936 649 1991 et
664 1950 704 2006 μθ
722 1935 793 1991 sunt
811 1933 870 1990 duo
891 1932 1038 2008 quadrata

45 2015 64 2072 b
91 2026 123 2081 et
146 2041 200 2099 cp,
224 2024 256 2080 et
277 2023 319 2081 ab
342 2024 373 2081 et
395 2040 437 2095 ap
459 2022 582 2080 suntin
604 2021 740 2097 potentia
764 2021 939 2081 rationales:
968 2039 1037 2097 ergo
1053 2031 1079 2071 2⁰

43 2102 64 2160 ὂ
96 2117 128 2170 et
152 2129 192 2186 pr
220 2114 291 2170 sunt
312 2111 484 2170 rationales.
531 2109 616 2179 Quod
640 2130 709 2188 ergo
733 2112 915 2187 aggregatur
938 2128 974 2166 ex
996 2110 1038 2167 db

42 2207 53 2246 ¹
80 2217 124 2271 qe
152 2203 197 2258 est
228 2199 382 2258 rationale.
433 2198 491 2258 Sed
518 2199 603 2257 radix
632 2200 694 2258 eius
722 2202 768 2257 est
793 2197 960 2272 superficies
990 2197 1038 2271 by,

42 2297 97 2358 fgo
130 2291 171 2363 by
203 2291 248 2347 est
269 2288 355 2346 radix
385 2287 555 2361 rationalis3
588 2291 618 2347 et
652 2287 789 2346 similiter
820 2286 900 2344 lines
931 2288 1037 2360 potens

42 2384 117 2444 lpre
140 2377 327 2453 superficiem
344 2380 390 2436 est
406 2371 512 2454 <radix
530 2372 660 2454 radicis>
677 2374 842 2434 rationalis.
877 2374 943 2432 Iam
966 2393 1036 2450 ergo

42 2466 221 2525 tanifestum
248 2468 294 2524 est
317 2485 352 2524 ex
374 2485 422 2540 eo,
445 2464 524 2540 quod
548 2467 593 2523 est
615 2465 810 2539 declaratum,
833 2462 912 2538 quod
936 2481 1037 2538 super·
1052 2471 1078 2512 2⁵

42 2545 107 2613 Dies
125 2555 263 2613 medialis
283 2557 328 2613 est
345 2554 430 2612 radix
447 2554 611 2629 rationalis,
635 2555 665 2611 et
682 2554 762 2611 linea
780 2555 886 2628 potens
904 2546 1038 2630 <supre>

42 2643 212 2708 ¹nerfioiom
233 2642 392 2701 medialem
414 2645 459 2702 est
481 2642 566 2701 radix
588 2642 695 2701 radicis
718 2641 887 2715 rationalis3
911 2644 941 2700 et
963 2641 1038 2699 illud

42 2723 83 2799 lt,
108 2733 189 2808 quod
212 2731 415 2791 demonstrare
438 2731 594 2789 voluimus.
950 2754 954 2760 ·

116 2820 192 2880 Cum
220 2840 290 2880 vero
319 2818 403 2879 dicit:
431 2823 527 2895 „tres
548 2817 743 2878 mediales“
766 2821 845 2894 vult,
869 2822 905 2876 ut
927 2818 1038 2876 intelli-

42 2902 126 2986 ²lur,
146 2909 226 2985 quod
244 2908 340 2968 omnis
359 2909 526 2985 superficies
546 2910 676 2984 quatuor
693 2908 804 2966 habens
823 2908 919 2965 latera
938 2908 1037 2967 ortho-
1052 2918 1077 2958 30

42 2993 116 3057 mie
140 2999 248 3057 cadens
271 2997 432 3057 interduo
456 2998 603 3072 quadrato
625 3001 655 3056 et
678 2998 852 3056 continuata
870 2997 1037 3072 proportio-

42 3073 135 3147 ³*liter
158 3087 238 3145 iuter
255 3086 423 3162 superficies
441 3090 567 3145 vocetur
585 3085 729 3160 medialis
749 3086 890 3161 quonism
908 3086 974 3161 ipsa
993 3089 1039 3145 est

42 3167 123 3235 ceeia
146 3177 179 3234 in
200 3175 393 3252 proportione
415 3175 495 3233 iuter
517 3176 576 3234 duo
600 3175 761 3250 quadratu,
784 3175 846 3232 sive
870 3174 1037 3250 superficies

42 3246 264 3341 1ῑῐθθὶοιιθῑίε,
292 3265 354 3323 sive
382 3264 421 3322 sit
446 3264 542 3322 surde.
588 3264 659 3322 Tria
680 3263 821 3322 medialis
845 3267 945 3322 sutem
967 3267 1038 3321 suut
1114 3296 1119 3309 2

42 3370 241 3404 &—

96 3474 211 3525 14-15·
236 3469 318 3535 Quod
334 3469 477 3540 proportio
497 3471 543 3526 ba.
572 3503 608 3512 —
635 3474 680 3525 Π.
697 3467 919 3537 ldultiplicaloo.
946 3493 982 3502 -
1008 3468 1049 3511 ue

42 3529 89 3584 ³³⁰
110 3543 155 3614 dp.
176 3573 210 3582 -
227 3546 268 3596 31.
288 3540 478 3600 continuetur.
