2340 3834
387 160 438 214 AD
456 159 641 215 EUOLIDEM
659 160 761 218 mer
1035 161 1075 225 11

60 329 349 405 comprehendit,
382 331 445 386 661
476 329 595 404 spatio
632 329 822 404 linearum,
860 348 928 404 que
963 331 1093 405 ipsam.

63 418 379 494 comprehendunt.
430 417 510 494 Ergo
542 418 595 476 hec
622 417 761 476 diffinitio
789 418 846 477 erit
872 422 1020 477 rectarum
1048 422 1077 478 61

65 525 127 566 666
147 509 305 566 rectarum

154 595 239 653 Dixit
257 591 788 668 11666166611666166666661161616
803 600 845 654 661
860 596 1009 655 inclinatio
1022 597 1076 654 dc-

67 685 374 743 66661166666616
399 701 462 742 666
488 685 641 756 superficie
667 685 723 743 sibi
749 686 922 743 6161661166
947 702 1007 743 oon
1033 702 1075 744 66·
1104 697 1116 737 ⁵

65 773 194 832 66661666
215 773 414 831 6661161666
430 774 603 844 6661166166.

32 862 47 910 9
154 860 252 936 Supra
269 861 325 920 hoc
345 854 349 938 Ι
371 859 614 920 Sermmomos:
643 860 808 936 Postquam
829 862 988 920 1111666666
1015 864 1075 919 166-

64 950 308 1008 6161111611666
327 952 357 1008 61
375 948 537 1024 superficie,
560 950 665 1024 incipit
683 950 767 1025 loqui
786 950 821 1008 de
845 951 955 1028 angulo
974 969 1075 1025 super·

63 1037 166 1112 ficiedi,
188 1039 331 1114 qnoniam
354 1039 399 1097 661
420 1038 535 1096 medius
558 1057 667 1113 eornm,
695 1041 725 1096 et
747 1037 834 1112 dixit,
861 1038 941 1113 quod
963 1041 1008 1097 661
1030 1040 1075 1095 16-

64 1127 189 1185 61166116
216 1128 343 1185 duarum
369 1127 515 1185 1166661166
542 1128 574 1184 16
600 1145 662 1185 unc
689 1127 843 1202 superficie
871 1127 927 1184 sibi
954 1145 1074 1185 concur·
1090 1141 1115 1180 16

63 1216 195 1274 rentium
232 1217 262 1274 61
297 1234 357 1274 666
392 1215 554 1274 secundum
594 1215 801 1274 rectitudinem
842 1216 1075 1275 coniunctorum.

65 1302 164 1372 Quare
188 1304 263 1363 dixit
285 1305 338 1379 „in
360 1299 473 1382 <666>
496 1302 724 1379 superficie“,
752 1299 840 1382 <est>
863 1323 911 1378 eo,
934 1304 1027 1379 quod,
1050 1305 1076 1362 si

64 1393 122 1450 due
145 1388 266 1471 <11666>
288 1392 447 1468 secundum
464 1393 543 1451 hunc
565 1393 687 1452 modum
708 1393 813 1452 166661
835 1394 866 1450 16
884 1411 1004 1468 corpore
1023 1396 1076 1451 out

65 1482 99 1538 in
120 1481 237 1540 duabus
260 1481 479 1556 superficiebus,
501 1500 561 1540 666
584 1485 661 1540 66661
688 1500 723 1540 66
751 1482 791 1540 616
819 1483 947 1559 66661116
974 1500 1074 1556 snper-

64 1569 184 1645 fioiolis,
207 1571 258 1629 sed
280 1570 440 1645 diceretur,
462 1570 543 1646 quod
568 1573 645 1629 esset
667 1571 795 1646 anguine
822 1571 1016 1645 superficialis
1043 1571 1074 1628 in
1089 1583 1114 1624 15

62 1660 208 1734 potentia.
237 1658 381 1717 Similiter
394 1677 510 1734 quoque
527 1656 720 1734 [superficies]
747 1659 819 1734 „Ex
837 1659 972 1718 duabus
990 1678 1074 1719 1666

63 1745 196 1807 Ι16616“
215 1747 299 1823 dixit,
322 1748 393 1822 quie
415 1747 597 1823 impossibile
625 1750 670 1806 661
696 1748 839 1824 angulum
861 1747 1075 1822 superficialem

63 1855 101 1894 66
118 1855 179 1895 uno
197 1837 276 1895 11666
292 1835 365 1912 fieri,
383 1855 478 1911 neque
498 1839 542 1895 est
560 1836 708 1911 possibile,
727 1837 761 1893 ut
780 1836 965 1910 expluribus
985 1856 1075 1911 quem

63 1924 178 1984 1166166
197 1924 258 2000 161,
277 1925 329 1983 sed
343 1928 429 1984 erunt
442 1925 530 1982 multi
544 1925 655 2001 anguli.
687 1924 804 1999 „Duos
827 1943 911 1983 1666
934 1923 1073 1983 11666611

62 2012 141 2072 dixit
163 2016 193 2072 61
215 2014 290 2070 nihil
311 2013 393 2089 plus,
420 2016 450 2072 61
472 2031 532 2071 666
554 2012 629 2071 dixit
657 2013 764 2088 „duas
792 2014 907 2072 116666
934 2011 1113 2073 6661661110

61 2102 140 2175 iden,
162 2104 197 2160 ut
218 2102 271 2161 hec
294 2102 433 2160 diffinitio
451 2101 711 2176 comprehenderet
728 2120 829 2160 omnes
852 2103 962 2177 species
981 2121 1073 2178 engu-

61 2191 161 2249 lorom
183 2190 427 2265 superficialium:
451 2208 499 2249 666
521 2191 643 2265 scilicet,
665 2209 739 2266 quos
762 2191 818 2248 due
833 2182 920 2248 ¹recte
943 2208 1073 2265 compre-

61 2278 197 2336 hendunt
214 2280 300 2352 linee,
320 2282 350 2338 61
368 2297 441 2354 quos
460 2278 516 2337 due
534 2279 705 2337 circonfiexe
720 2278 970 2353 comprehendunt
987 2279 1072 2338 linee.

61 2367 152 2426 Τ6166
175 2371 245 2426 sunt
267 2368 380 2426 scilicet
402 2368 541 2444 angulus,
569 2368 621 2442 qui
648 2367 683 2425 fit
710 2387 744 2425 66
772 2367 884 2425 duabus
907 2368 994 2425 116616
1017 2368 1072 2425 cir-

60 2455 201 2516 confleris
225 2474 243 2514 6
265 2459 352 2531 porte
373 2456 506 2534 gibboso,
529 2457 652 2514 6161166
672 2459 793 2531 aperte
816 2474 914 2514 66616.
955 2455 1072 2531 Species
1087 2467 1113 2507 25

60 2563 204 2622 generum
222 2545 407 2622 angulorum,
431 2546 483 2620 qui
499 2544 575 2602 fiunt
593 2544 725 2602 6611666
743 2547 824 2603 66616
843 2549 873 2603 61
891 2545 1073 2620 6166661666,

61 2626 439 2710 661116661666666611),
470 2629 631 2692 66611666
661 2633 759 2708 prime
787 2634 897 2708 species
926 2636 978 2708 est,
1007 2653 1074 2692 cum

61 2723 190 2799 angellus
216 2721 253 2780 fit
280 2741 315 2780 66
341 2723 420 2780 11666
446 2723 528 2780 66616
554 2723 711 2780 666166616
742 2723 913 2780 6166661666
942 2741 960 2780 6
987 2725 1073 2797 parte

61 2810 200 2888 gibbosa3
223 2811 359 2885 66666116,
381 2829 448 2869 6616
469 2810 505 2868 11
523 2811 648 2888 angulus
667 2829 702 2868 66
719 2811 799 2868 11666
816 2813 898 2869 66616
916 2812 1073 2870 coniuncta

61 2899 235 2959 circonflexe
267 2919 285 2958 6
313 2901 400 2974 perte
433 2918 535 2974 curva,
571 2900 648 2958 61661
679 2919 715 2958 66
744 2899 929 2975 portionibus
962 2901 1073 2958 6166611.
1088 2912 1113 2952 ³⁰

60 2987 249 3065 1686166616
270 2991 406 3064 pretereo
428 2990 497 3047 6661
514 2989 606 3046 multe
625 2988 736 3063 species
755 2989 913 3047 secundum
936 2990 1072 3046 coniunc-

60 3077 175 3135 tionem
196 3077 342 3135 lineornm
361 3077 597 3152 compositarum.
638 3077 797 3135 1111666666
821 3097 891 3136 1666
909 3077 957 3136 hic
980 3096 1072 3155 ongu-

61 3164 125 3222 lum
148 3165 362 3240 superficialem
380 3166 588 3224 universaliter
606 3165 754 3223 diffinivit.
795 3165 865 3224 Ideo
884 3185 953 3224 1666
972 3168 1073 3241 posuit

134 3355 177 3406 25.
198 3350 262 3406 6116.
281 3383 315 3392 -
335 3357 377 3406 30.
396 3350 631 3420 proportionibus.

137 3531 163 3598 1)
182 3527 367 3598 κερατοειδής.
395 3527 448 3582 cfr.
468 3528 597 3583 Ρ666666
618 3533 678 3597 104,
697 3533 741 3583 18.
