2316 3840
382 181 432 263 aa
450 181 766 237 audomarum.
1011 179 1077 246 245

10 397 13 415 ,
98 328 164 422 llud,
183 349 260 426 quod
281 350 318 408 fit
341 370 376 409 ex
396 350 476 409 mea
496 370 528 424 9ε
551 352 619 410 volo
642 351 737 427 igitur
759 349 926 424 ostendere,
950 349 1078 425 qualiter

97 429 124 487 ld
137 433 234 498 lineam
248 433 333 517 (ab)
349 439 531 517 adiungatur
549 439 716 515 superficies
734 442 882 499 rectorum
900 439 1078 516 angulorum

669 529 783 605 equalis
803 527 948 603 quadrato
963 546 990 601 9.
1022 527 1077 586 As·

668 636 783 684 sumam
824 617 927 692 itaque
968 616 1078 674 lineam

667 706 791 764 terciam
814 707 986 780 sequentem
1005 705 1078 762 duas
1105 714 1118 756 ὁ

667 794 760 852 lineas
784 795 825 852 ab
854 796 924 866 etp
949 793 982 850 in
1008 813 1077 868 pro-

667 883 817 957 portione,
854 882 951 957 sitque
989 882 1078 956 linea,

169 591 184 644 '²
512 609 530 711 t

669 973 696 1046 d,
719 973 749 1028 et
772 971 844 1046 quia
864 970 1017 1046 proportio
1036 972 1077 1029 ab

176 1097 524 1160 ———-——-e
668 1060 707 1120 ad
723 1079 742 1133 9
765 1062 810 1118 est
828 1058 906 1117 siout
923 1059 1077 1135 proportio

666 1169 685 1222 9
704 1149 743 1206 ad
761 1151 789 1222 d,
808 1167 877 1224 ergo
901 1147 1078 1223 superficies,
1093 1161 1118 1200 ιο

176 1231 194 1284 ‘l
288 1299 292 1337 Ι
477 1247 495 1300 9
625 1301 628 1337 l
670 1258 726 1313 que
758 1238 926 1296 continetur
957 1256 975 1294 a
1007 1236 1078 1293 dua·

667 1326 722 1384 bus
747 1326 833 1384 lineis
857 1327 897 1384 ab
921 1326 951 1382 et
974 1327 1005 1399 d,
1034 1327 1079 1382 est

55 1415 185 1492 equalis
220 1415 366 1490 quadrato
392 1434 420 1489 9.
481 1414 578 1491 Supra
614 1418 760 1491 punctum
790 1415 884 1492 igitur
914 1432 934 1472 a
969 1413 1077 1472 consti-

54 1510 152 1564 tuam
173 1503 448 1580 perpendicularem
467 1504 603 1580 equalem
621 1505 653 1579 d,
672 1524 730 1579 que
750 1505 790 1561 sit
808 1522 858 1578 ea,
878 1506 908 1561 et
926 1502 1077 1578 complebo

56 1593 250 1670 quadratum
273 1595 322 1652 cb:
351 1593 412 1651 iam
434 1593 528 1670 igitur
551 1595 702 1653 ostensum
725 1597 782 1667 est,
811 1592 890 1668 quod
912 1590 1078 1667 superficies
1093 1602 1118 1643 1⁵

56 1685 99 1742 bc
125 1684 175 1740 est
198 1681 312 1757 equalis
336 1683 481 1757 quadrato
503 1702 534 1756 9;
559 1687 589 1740 et
611 1681 687 1739 illud
705 1684 759 1756 est,
779 1682 859 1757 quod
877 1681 1077 1740 demonstrare

52 1770 224 1836 voluimus.

157 1859 308 1918 Additio
330 1859 453 1938 figure
477 1858 776 1936 quinquagesimo
801 1850 968 1940 octave.¹)

156 1947 226 2007 Non
250 1947 358 2007 dicitur
379 1947 542 2007 bimedium
563 1948 702 2022 primum,
724 1947 783 2006 nisi
806 1948 876 2024 quia
894 1947 1080 2023 unumquod-

63 2055 127 2112 que
150 2035 277 2095 duorum
300 2037 516 2113 quadratorum
539 2055 581 2110 99
604 2039 634 2094 et
654 2039 695 2110 qb
720 2038 765 2094 est
786 2037 921 2110 mediale,
940 2038 971 2094 et
990 2036 1080 2094 etiam
1094 2048 1119 2087 20

67 2124 195 2184 duorum
218 2125 432 2201 quadratorum
455 2125 624 2184 coniunctio
648 2127 694 2183 est
715 2124 858 2182 medialis

161 2211 259 2282 Quod
291 2215 458 2290 sequitur
488 2214 558 2288 hic,
587 2214 707 2291 figure
740 2213 958 2290 sexagesimo
990 2231 1079 2271 none

75 2316 244 2361 annexum
268 2295 362 2383 est‘)

160 2390 229 2450 Non
252 2391 289 2450 ob
312 2392 395 2450 aliud
417 2391 501 2465 dixit,
525 2390 604 2467 quod
627 2390 683 2448 due
707 2389 873 2466 superficies
892 2389 953 2448 sint
969 2388 1079 2448 incom-

82 2478 268 2558 municante's,
304 2481 362 2538 nisi
393 2480 465 2556 quia
504 2480 693 2555 supponitur,
725 2478 805 2555 quod
841 2478 1009 2554 superficies
1044 2479 1080 2536 ele
1094 2488 1120 2530 25

87 2569 303 2628 communicaret
325 2568 488 2644 superficiei
511 2569 560 2643 iuis,
584 2569 608 2625 si
632 2569 689 2626 erit
711 2568 791 2626 linea
814 2572 843 2626 te
863 2567 1080 2626 communicans

88 2646 150 2713 lineo
182 2659 221 2715 tic.
281 2656 339 2716 Sed
371 2658 436 2733 ipse
470 2660 539 2716 sunt
567 2657 728 2716 rationales
758 2657 790 2714 in
821 2656 968 2732 potentia:
1011 2675 1080 2733 ergo

88 2755 282 2778 x*

13 2872 18 2885 ,.
146 2831 184 2881 18.
209 2825 291 2892 Quod
310 2824 381 2879 ditio
400 2825 496 2895 figure.
516 2857 550 2865 -
575 2830 616 2880 23.
638 2841 764 2879 anexum.
785 2857 819 2865 -
843 2831 885 2879 25.
906 2825 1078 2894 supponitur,

10 2931 20 2975 9-
86 2895 160 2968 cuod]
180 2912 305 2967 suppone
323 2899 407 2952 retro.
427 2929 460 2937 -
480 2902 523 2951 26.
543 2894 730 2951 comunicans.

10 2978 12 2986 .
79 2979 282 3008 g-

98 3115 104 3125 ,
146 3057 169 3124 1)
196 3055 333 3110 Eucmnas
354 3056 392 3125 X,
413 3061 446 3110 58
475 3055 627 3127 (Umerus
646 3056 684 3125 X,
704 3061 751 3123 653
778 3055 945 3108 Hammonis
964 3057 1003 3124 X,
1022 3058 1079 3124 61):

69 3105 104 3165 ἃ
135 3124 198 3182 ame
224 3127 360 3182 rationali
386 3145 456 3197 equa
478 3129 631 3196 superficies
658 3128 792 3196 quadrato
820 3128 972 3181 timedialis
992 3126 1080 3196 primi

64 3185 250 3268 Wumqatm,
265 3199 337 3254 lutus
347 3198 405 3253 eius
417 3199 553 3268 reliquum
567 3200 715 3253 binomium
724 3199 871 3252 secuudum
880 3215 934 3252 esse
942 3197 1078 3267 oportebit.

145 3271 169 3338 2)
195 3269 332 3324 Eudamus
355 3269 394 3338 X,
414 3275 447 3323 69
476 3269 628 3338 (Omeros
647 3268 685 3334 X,
705 3275 751 3335 663
778 3268 945 3321 Hammsms
964 3268 1002 3337 X,
1022 3268 1078 3335 72):

48 3313 143 3427 ,Qu
154 3342 294 3396 scammate
306 3342 412 3409 fuerim
425 3342 478 3395 due
491 3342 645 3422 superficies
654 3341 782 3394 mediales
790 3338 1079 3422 iucomureusmabiIes,

57 3401 148 3462 'We
159 3418 256 3480 pateus
273 3413 306 3466 iu
322 3419 407 3468 totam
424 3413 593 3481 superficiem
611 3412 744 3465 alterutra
762 3417 813 3464 emt
831 3411 949 3464 duarum
967 3413 1078 3462 irratio-

37 3461 177 3608 &ngss
194 3484 344 3611 mm,
367 3484 489 3538 uidelicet
507 3488 557 3537 aut
575 3482 716 3536 timediuie
733 3481 895 3548 sermidam,
915 3485 968 3560 aut
985 3484 1080 3546 pateus
