<?xml version="1.0" encoding="UTF-8"?>
<!DOCTYPE html PUBLIC "-//W3C//DTD XHTML 1.0 Transitional//EN"
    "http://www.w3.org/TR/xhtml1/DTD/xhtml1-transitional.dtd">
<html xmlns="http://www.w3.org/1999/xhtml" xml:lang="en" lang="en">
 <head>
  <title>
</title>
<meta http-equiv="Content-Type" content="text/html;charset=utf-8" />
  <meta name='ocr-system' content='tesseract 3.04.00' />
  <meta name='ocr-capabilities' content='ocr_page ocr_carea ocr_par ocr_line ocrx_word'/>
</head>
<body>
  <div class='ocr_page' id='page_1' title='image "./euclidisoperaom14unkngoog_0187.png"; bbox 0 0 2340 3834; ppageno 0'>
   <div class='ocr_carea' id='block_1_1' title="bbox 91 177 817 243">
    <p class='ocr_par' dir='ltr' id='par_1_1' title="bbox 91 177 817 243">
     <span class='ocr_line' id='line_1_1' title="bbox 91 177 817 243; baseline -0.012 -2"><span class='ocrx_word' id='word_1_1' title='bbox 91 178 156 243; x_wconf 85' lang='lat'>150</span> <span class='ocrx_word' id='word_1_2' title='bbox 376 178 542 234; x_wconf 79' lang='lat' dir='ltr'>ANARITII</span> <span class='ocrx_word' id='word_1_3' title='bbox 561 177 817 234; x_wconf 84' lang='lat' dir='ltr'>COMMENTARII</span> 
     </span>
    </p>
   </div>
   <div class='ocr_carea' id='block_1_2' title="bbox 52 345 1107 2994">
    <p class='ocr_par' dir='ltr' id='par_1_2' title="bbox 52 345 1107 2994">
     <span class='ocr_line' id='line_1_2' title="bbox 88 345 1102 424; baseline -0.002 -18"><span class='ocrx_word' id='word_1_4' title='bbox 88 347 202 423; x_wconf 83' lang='lat' dir='ltr'>equalis</span> <span class='ocrx_word' id='word_1_5' title='bbox 225 347 302 405; x_wconf 90' lang='lat' dir='ltr'>linee</span> <span class='ocrx_word' id='word_1_6' title='bbox 321 365 375 420; x_wconf 74' lang='lat' dir='ltr'>aq:</span> <span class='ocrx_word' id='word_1_7' title='bbox 399 367 469 424; x_wconf 88' lang='lat' dir='ltr'>ergo</span> <span class='ocrx_word' id='word_1_8' title='bbox 492 347 571 406; x_wconf 91' lang='lat' dir='ltr'>linea</span> <span class='ocrx_word' id='word_1_9' title='bbox 590 367 631 422; x_wconf 76' lang='lat' dir='ltr'>op</span> <span class='ocrx_word' id='word_1_10' title='bbox 654 352 700 407; x_wconf 89' lang='lat' dir='ltr'>est</span> <span class='ocrx_word' id='word_1_11' title='bbox 723 348 836 423; x_wconf 80' lang='lat' dir='ltr'>equalis</span> <span class='ocrx_word' id='word_1_12' title='bbox 854 347 931 405; x_wconf 91' lang='lat' dir='ltr'>linee</span> <span class='ocrx_word' id='word_1_13' title='bbox 950 348 1000 406; x_wconf 85' lang='lat' dir='ltr'>bd.</span> <span class='ocrx_word' id='word_1_14' title='bbox 1044 345 1102 404; x_wconf 79' lang='lat' dir='ltr'>Sed</span> 
     </span>
     <span class='ocr_line' id='line_1_3' title="bbox 87 435 1101 514; baseline -0.002 -20"><span class='ocrx_word' id='word_1_15' title='bbox 87 437 214 513; x_wconf 82' lang='lat' dir='ltr'>angulus</span> <span class='ocrx_word' id='word_1_16' title='bbox 232 437 299 509; x_wconf 76' lang='lat' dir='ltr'>apd</span> <span class='ocrx_word' id='word_1_17' title='bbox 322 438 367 494; x_wconf 89' lang='lat' dir='ltr'>est</span> <span class='ocrx_word' id='word_1_18' title='bbox 392 435 485 495; x_wconf 89' lang='lat' dir='ltr'>maior</span> <span class='ocrx_word' id='word_1_19' title='bbox 503 437 613 514; x_wconf 79' lang='lat' dir='ltr'>angulo</span> <span class='ocrx_word' id='word_1_20' title='bbox 632 439 704 512; x_wconf 71' lang='lat' dir='ltr'>hqd,</span> <span class='ocrx_word' id='word_1_21' title='bbox 728 456 798 514; x_wconf 88' lang='lat' dir='ltr'>ergo</span> <span class='ocrx_word' id='word_1_22' title='bbox 821 436 884 512; x_wconf 90' lang='lat' dir='ltr'>ipse</span> <span class='ocrx_word' id='word_1_23' title='bbox 904 439 949 495; x_wconf 91' lang='lat' dir='ltr'>est</span> <span class='ocrx_word' id='word_1_24' title='bbox 968 435 1101 495; x_wconf 86' lang='lat' dir='ltr'>obtusus.</span> 
     </span>
     <span class='ocr_line' id='line_1_4' title="bbox 87 524 1101 602; baseline 0.002 -20"><span class='ocrx_word' id='word_1_25' title='bbox 87 524 210 602; x_wconf 80' lang='lat' dir='ltr'>Erigam</span> <span class='ocrx_word' id='word_1_26' title='bbox 228 524 330 599; x_wconf 91' lang='lat' dir='ltr'>itaque</span> <span class='ocrx_word' id='word_1_27' title='bbox 349 542 438 600; x_wconf 88' lang='lat' dir='ltr'>supra</span> <span class='ocrx_word' id='word_1_28' title='bbox 456 528 599 600; x_wconf 89' lang='lat' dir='ltr'>punctum</span> <span class='ocrx_word' id='word_1_29' title='bbox 617 527 637 584; x_wconf 83' lang='lat' dir='ltr'>d</span> <span class='ocrx_word' id='word_1_30' title='bbox 658 525 736 584; x_wconf 88' lang='lat' dir='ltr'>linee</span> <span class='ocrx_word' id='word_1_31' title='bbox 755 527 797 584; x_wconf 85' lang='lat' dir='ltr'>bd</span> <span class='ocrx_word' id='word_1_32' title='bbox 818 524 1101 601; x_wconf 77' lang='lat' dir='ltr'>perpendicularem,</span> 
     </span>
     <span class='ocr_line' id='line_1_5' title="bbox 88 612 1103 691; baseline 0.002 -21"><span class='ocrx_word' id='word_1_33' title='bbox 88 632 144 688; x_wconf 90' lang='lat' dir='ltr'>que</span> <span class='ocrx_word' id='word_1_34' title='bbox 164 613 203 671; x_wconf 91' lang='lat' dir='ltr'>sit</span> <span class='ocrx_word' id='word_1_35' title='bbox 216 614 264 673; x_wconf 73' lang='lat' dir='ltr'>dr.</span> <span class='ocrx_word' id='word_1_36' title='bbox 302 612 375 671; x_wconf 77' lang='lat' dir='ltr'>(lum</span> <span class='ocrx_word' id='word_1_37' title='bbox 394 632 463 690; x_wconf 80' lang='lat' dir='ltr'>ergo</span> <span class='ocrx_word' id='word_1_38' title='bbox 483 614 722 672; x_wconf 88' lang='lat' dir='ltr'>constituerimus</span> <span class='ocrx_word' id='word_1_39' title='bbox 741 614 819 672; x_wconf 90' lang='lat' dir='ltr'>circa</span> <span class='ocrx_word' id='word_1_40' title='bbox 837 614 1022 691; x_wconf 80' lang='lat' dir='ltr'>triangulum</span> <span class='ocrx_word' id='word_1_41' title='bbox 1035 615 1103 687; x_wconf 74' lang='lat' dir='ltr'>apd</span> 
     </span>
     <span class='ocr_line' id='line_1_6' title="bbox 61 701 1101 778; baseline 0 -18"><span class='ocrx_word' id='word_1_42' title='bbox 61 701 230 760; x_wconf 71' lang='lat' dir='ltr'>senonum</span> <span class='ocrx_word' id='word_1_43' title='bbox 249 703 323 777; x_wconf 73' lang='lat' dir='ltr'>apd,</span> <span class='ocrx_word' id='word_1_44' title='bbox 347 701 404 759; x_wconf 88' lang='lat' dir='ltr'>erit</span> <span class='ocrx_word' id='word_1_45' title='bbox 426 703 506 760; x_wconf 89' lang='lat' dir='ltr'>linea</span> <span class='ocrx_word' id='word_1_46' title='bbox 527 704 567 762; x_wconf 70' lang='lat' dir='ltr'>dr</span> <span class='ocrx_word' id='word_1_47' title='bbox 589 703 751 761; x_wconf 74' lang='lat' dir='ltr'>diametrus</span> <span class='ocrx_word' id='word_1_48' title='bbox 770 703 879 778; x_wconf 72' lang='lat' dir='ltr'>cuculi,</span> <span class='ocrx_word' id='word_1_49' title='bbox 904 706 933 761; x_wconf 91' lang='lat' dir='ltr'>et</span> <span class='ocrx_word' id='word_1_50' title='bbox 951 702 1032 760; x_wconf 90' lang='lat' dir='ltr'>linea</span> <span class='ocrx_word' id='word_1_51' title='bbox 1051 703 1101 775; x_wconf 84' lang='lat' dir='ltr'>bd,</span> 
     </span>
     <span class='ocr_line' id='line_1_7' title="bbox 87 790 1100 867; baseline -0.001 -19"><span class='ocrx_word' id='word_1_52' title='bbox 87 790 262 867; x_wconf 81' lang='lat' dir='ltr'>contingens</span> <span class='ocrx_word' id='word_1_53' title='bbox 289 790 431 848; x_wconf 89' lang='lat' dir='ltr'>circulum</span> <span class='ocrx_word' id='word_1_54' title='bbox 459 790 537 866; x_wconf 85' lang='lat' dir='ltr'>apud</span> <span class='ocrx_word' id='word_1_55' title='bbox 564 795 707 866; x_wconf 89' lang='lat' dir='ltr'>punctum</span> <span class='ocrx_word' id='word_1_56' title='bbox 734 793 765 867; x_wconf 85' lang='lat' dir='ltr'>d,</span> <span class='ocrx_word' id='word_1_57' title='bbox 794 791 850 849; x_wconf 87' lang='lat' dir='ltr'>erit</span> <span class='ocrx_word' id='word_1_58' title='bbox 879 794 962 849; x_wconf 82' lang='lat' dir='ltr'>extra</span> <span class='ocrx_word' id='word_1_59' title='bbox 991 791 1100 865; x_wconf 90' lang='lat' dir='ltr'>ipsum.</span> 
     </span>
     <span class='ocr_line' id='line_1_8' title="bbox 88 875 1101 956; baseline 0.001 -20"><span class='ocrx_word' id='word_1_60' title='bbox 88 877 146 937; x_wconf 82' lang='lat' dir='ltr'>Sed</span> <span class='ocrx_word' id='word_1_61' title='bbox 175 879 210 936; x_wconf 88' lang='lat' dir='ltr'>ab</span> <span class='ocrx_word' id='word_1_62' title='bbox 237 878 303 954; x_wconf 92' lang='lat' dir='ltr'>ipso</span> <span class='ocrx_word' id='word_1_63' title='bbox 326 875 385 956; x_wconf 73' lang='lat' dir='ltr'>(b)</span> <span class='ocrx_word' id='word_1_64' title='bbox 411 883 565 955; x_wconf 89' lang='lat' dir='ltr'>protracta</span> <span class='ocrx_word' id='word_1_65' title='bbox 598 882 643 938; x_wconf 88' lang='lat' dir='ltr'>est</span> <span class='ocrx_word' id='word_1_66' title='bbox 673 880 753 939; x_wconf 85' lang='lat' dir='ltr'>linea</span> <span class='ocrx_word' id='word_1_67' title='bbox 776 881 818 939; x_wconf 84' lang='lat' dir='ltr'>ba</span> <span class='ocrx_word' id='word_1_68' title='bbox 845 897 948 938; x_wconf 87' lang='lat' dir='ltr'>secans</span> <span class='ocrx_word' id='word_1_69' title='bbox 976 899 1044 937; x_wconf 91' lang='lat' dir='ltr'>eum</span> <span class='ocrx_word' id='word_1_70' title='bbox 1071 881 1101 937; x_wconf 91' lang='lat' dir='ltr'>et</span> 
     </span>
     <span class='ocr_line' id='line_1_9' title="bbox 87 967 1102 1046; baseline 0.001 -22"><span class='ocrx_word' id='word_1_71' title='bbox 87 967 167 1026; x_wconf 88' lang='lat' dir='ltr'>linea</span> <span class='ocrx_word' id='word_1_72' title='bbox 198 968 240 1025; x_wconf 85' lang='lat' dir='ltr'>bd</span> <span class='ocrx_word' id='word_1_73' title='bbox 275 968 449 1045; x_wconf 82' lang='lat' dir='ltr'>contingens</span> <span class='ocrx_word' id='word_1_74' title='bbox 490 968 605 1043; x_wconf 90' lang='lat' dir='ltr'>ipsum:</span> <span class='ocrx_word' id='word_1_75' title='bbox 647 987 716 1046; x_wconf 80' lang='lat' dir='ltr'>ergo</span> <span class='ocrx_word' id='word_1_76' title='bbox 758 969 977 1046; x_wconf 79' lang='lat' dir='ltr'>rectaugulum,</span> <span class='ocrx_word' id='word_1_77' title='bbox 1022 967 1102 1043; x_wconf 90' lang='lat' dir='ltr'>quod</span> 
     </span>
     <span class='ocr_line' id='line_1_10' title="bbox 87 1050 1100 1135; baseline 0 -21"><span class='ocrx_word' id='word_1_78' title='bbox 87 1057 256 1115; x_wconf 75' lang='lat' dir='ltr'>continetur</span> <span class='ocrx_word' id='word_1_79' title='bbox 282 1050 321 1133; x_wconf 83' lang='lat' dir='ltr'>&lt;a</span> <span class='ocrx_word' id='word_1_80' title='bbox 343 1052 452 1135; x_wconf 85' lang='lat' dir='ltr'>lineis&gt;</span> <span class='ocrx_word' id='word_1_81' title='bbox 475 1058 515 1115; x_wconf 86' lang='lat' dir='ltr'>ob</span> <span class='ocrx_word' id='word_1_82' title='bbox 544 1060 573 1115; x_wconf 90' lang='lat' dir='ltr'>et</span> <span class='ocrx_word' id='word_1_83' title='bbox 596 1059 648 1130; x_wconf 72' lang='lat' dir='ltr'>by,</span> <span class='ocrx_word' id='word_1_84' title='bbox 677 1060 722 1116; x_wconf 89' lang='lat' dir='ltr'>est</span> <span class='ocrx_word' id='word_1_85' title='bbox 749 1059 855 1132; x_wconf 90' lang='lat' dir='ltr'>equale</span> <span class='ocrx_word' id='word_1_86' title='bbox 880 1056 1026 1133; x_wconf 89' lang='lat' dir='ltr'>quadrato</span> <span class='ocrx_word' id='word_1_87' title='bbox 1051 1059 1100 1116; x_wconf 84' lang='lat' dir='ltr'>bd.</span> 
     </span>
     <span class='ocr_line' id='line_1_11' title="bbox 52 1143 1100 1223; baseline 0 -21"><span class='ocrx_word' id='word_1_88' title='bbox 52 1143 146 1202; x_wconf 81' lang='lat' dir='ltr'>used</span> <span class='ocrx_word' id='word_1_89' title='bbox 169 1146 211 1203; x_wconf 85' lang='lat' dir='ltr'>bd</span> <span class='ocrx_word' id='word_1_90' title='bbox 233 1148 278 1203; x_wconf 87' lang='lat' dir='ltr'>est</span> <span class='ocrx_word' id='word_1_91' title='bbox 302 1147 415 1220; x_wconf 82' lang='lat' dir='ltr'>equalis</span> <span class='ocrx_word' id='word_1_92' title='bbox 439 1165 489 1219; x_wconf 73' lang='lat' dir='ltr'>op,</span> <span class='ocrx_word' id='word_1_93' title='bbox 512 1164 582 1222; x_wconf 81' lang='lat' dir='ltr'>ergo</span> <span class='ocrx_word' id='word_1_94' title='bbox 605 1147 818 1223; x_wconf 85' lang='lat' dir='ltr'>rectangulum,</span> <span class='ocrx_word' id='word_1_95' title='bbox 843 1146 923 1221; x_wconf 92' lang='lat' dir='ltr'>quod</span> <span class='ocrx_word' id='word_1_96' title='bbox 944 1146 1100 1204; x_wconf 90' lang='lat' dir='ltr'>continent</span> 
     </span>
     <span class='ocr_line' id='line_1_12' title="bbox 87 1227 1101 1310; baseline 0.002 -20"><span class='ocrx_word' id='word_1_97' title='bbox 87 1227 206 1310; x_wconf 74' lang='lat' dir='ltr'>(lineo)</span> <span class='ocrx_word' id='word_1_98' title='bbox 229 1235 270 1293; x_wconf 86' lang='lat' dir='ltr'>ab</span> <span class='ocrx_word' id='word_1_99' title='bbox 294 1237 324 1292; x_wconf 87' lang='lat' dir='ltr'>et</span> <span class='ocrx_word' id='word_1_100' title='bbox 347 1236 387 1309; x_wconf 75' lang='lat' dir='ltr'>by</span> <span class='ocrx_word' id='word_1_101' title='bbox 410 1237 455 1292; x_wconf 87' lang='lat' dir='ltr'>est</span> <span class='ocrx_word' id='word_1_102' title='bbox 478 1235 582 1309; x_wconf 90' lang='lat' dir='ltr'>equale</span> <span class='ocrx_word' id='word_1_103' title='bbox 607 1235 751 1310; x_wconf 88' lang='lat' dir='ltr'>quadrato</span> <span class='ocrx_word' id='word_1_104' title='bbox 771 1254 819 1308; x_wconf 76' lang='lat' dir='ltr'>ap.</span> <span class='ocrx_word' id='word_1_105' title='bbox 857 1235 904 1293; x_wconf 85' lang='lat' dir='ltr'>Ab</span> <span class='ocrx_word' id='word_1_106' title='bbox 922 1234 978 1292; x_wconf 93' lang='lat' dir='ltr'>hoc</span> <span class='ocrx_word' id='word_1_107' title='bbox 996 1235 1101 1309; x_wconf 90' lang='lat' dir='ltr'>itaque</span> 
     </span>
     <span class='ocr_line' id='line_1_13' title="bbox 87 1323 1102 1398; baseline 0.002 -18"><span class='ocrx_word' id='word_1_108' title='bbox 87 1323 152 1380; x_wconf 88' lang='lat' dir='ltr'>loeo</span> <span class='ocrx_word' id='word_1_109' title='bbox 179 1323 291 1397; x_wconf 85' lang='lat' dir='ltr'>incepit</span> <span class='ocrx_word' id='word_1_110' title='bbox 318 1323 489 1398; x_wconf 71' lang='lat' dir='ltr'>ducamus,</span> <span class='ocrx_word' id='word_1_111' title='bbox 520 1326 550 1381; x_wconf 91' lang='lat' dir='ltr'>et</span> <span class='ocrx_word' id='word_1_112' title='bbox 581 1324 681 1398; x_wconf 89' lang='lat' dir='ltr'>posuit</span> <span class='ocrx_word' id='word_1_113' title='bbox 710 1324 858 1398; x_wconf 89' lang='lat' dir='ltr'>quandam</span> <span class='ocrx_word' id='word_1_114' title='bbox 885 1323 996 1381; x_wconf 88' lang='lat' dir='ltr'>lineam</span> <span class='ocrx_word' id='word_1_115' title='bbox 1024 1323 1102 1382; x_wconf 89' lang='lat' dir='ltr'>sieut</span> 
     </span>
     <span class='ocr_line' id='line_1_14' title="bbox 86 1410 1101 1487; baseline 0 -19"><span class='ocrx_word' id='word_1_116' title='bbox 86 1410 197 1470; x_wconf 88' lang='lat' dir='ltr'>lineam</span> <span class='ocrx_word' id='word_1_117' title='bbox 219 1413 271 1470; x_wconf 86' lang='lat' dir='ltr'>ab.</span> <span class='ocrx_word' id='word_1_118' title='bbox 311 1411 425 1469; x_wconf 89' lang='lat' dir='ltr'>Deinde</span> <span class='ocrx_word' id='word_1_119' title='bbox 445 1411 548 1470; x_wconf 84' lang='lat' dir='ltr'>divisit</span> <span class='ocrx_word' id='word_1_120' title='bbox 566 1431 631 1469; x_wconf 90' lang='lat' dir='ltr'>eam</span> <span class='ocrx_word' id='word_1_121' title='bbox 649 1431 740 1487; x_wconf 86' lang='lat' dir='ltr'>supra</span> <span class='ocrx_word' id='word_1_122' title='bbox 758 1415 902 1487; x_wconf 91' lang='lat' dir='ltr'>punctum</span> <span class='ocrx_word' id='word_1_123' title='bbox 919 1431 946 1487; x_wconf 76' lang='lat'>9,</span> <span class='ocrx_word' id='word_1_124' title='bbox 970 1414 1000 1469; x_wconf 91' lang='lat' dir='ltr'>et</span> <span class='ocrx_word' id='word_1_125' title='bbox 1019 1413 1101 1487; x_wconf 90' lang='lat' dir='ltr'>post·</span> 
     </span>
     <span class='ocr_line' id='line_1_15' title="bbox 88 1499 1101 1576; baseline 0.001 -20"><span class='ocrx_word' id='word_1_126' title='bbox 88 1519 178 1574; x_wconf 89' lang='lat' dir='ltr'>quam</span> <span class='ocrx_word' id='word_1_127' title='bbox 205 1499 247 1559; x_wconf 89' lang='lat' dir='ltr'>sic</span> <span class='ocrx_word' id='word_1_128' title='bbox 274 1500 376 1558; x_wconf 82' lang='lat' dir='ltr'>divisit</span> <span class='ocrx_word' id='word_1_129' title='bbox 399 1519 476 1575; x_wconf 88' lang='lat' dir='ltr'>earn,</span> <span class='ocrx_word' id='word_1_130' title='bbox 505 1501 654 1559; x_wconf 87' lang='lat' dir='ltr'>ordinavit</span> <span class='ocrx_word' id='word_1_131' title='bbox 680 1501 898 1576; x_wconf 84' lang='lat' dir='ltr'>probationem,</span> <span class='ocrx_word' id='word_1_132' title='bbox 927 1500 1003 1558; x_wconf 88' lang='lat' dir='ltr'>sicut</span> <span class='ocrx_word' id='word_1_133' title='bbox 1027 1501 1101 1557; x_wconf 86' lang='lat' dir='ltr'>dixi-</span> 
     </span>
     <span class='ocr_line' id='line_1_16' title="bbox 52 1582 929 1665; baseline 0.002 -19"><span class='ocrx_word' id='word_1_134' title='bbox 52 1596 74 1637; x_wconf 74' lang='lat'>15</span> <span class='ocrx_word' id='word_1_135' title='bbox 87 1607 165 1663; x_wconf 82' lang='lat' dir='ltr'>mus3</span> <span class='ocrx_word' id='word_1_136' title='bbox 189 1590 220 1647; x_wconf 89' lang='lat' dir='ltr'>et</span> <span class='ocrx_word' id='word_1_137' title='bbox 241 1588 317 1646; x_wconf 90' lang='lat' dir='ltr'>illud</span> <span class='ocrx_word' id='word_1_138' title='bbox 340 1591 392 1663; x_wconf 87' lang='lat' dir='ltr'>est,</span> <span class='ocrx_word' id='word_1_139' title='bbox 417 1589 496 1663; x_wconf 92' lang='lat' dir='ltr'>quod</span> <span class='ocrx_word' id='word_1_140' title='bbox 518 1589 719 1648; x_wconf 90' lang='lat' dir='ltr'>demonstrare</span> <span class='ocrx_word' id='word_1_141' title='bbox 742 1582 929 1665; x_wconf 80' lang='lat' dir='ltr'>voluimus.¹)</span> 
     </span>
     <span class='ocr_line' id='line_1_17' title="bbox 175 1669 1107 1758; baseline -0.001 -22"><span class='ocrx_word' id='word_1_142' title='bbox 175 1677 367 1736; x_wconf 86' lang='lat' dir='ltr'>Undecima</span> <span class='ocrx_word' id='word_1_143' title='bbox 402 1669 555 1758; x_wconf 73' lang='lat' dir='ltr'>figura²)</span> <span class='ocrx_word' id='word_1_144' title='bbox 592 1678 752 1736; x_wconf 91' lang='lat' dir='ltr'>secundum</span> <span class='ocrx_word' id='word_1_145' title='bbox 784 1678 941 1738; x_wconf 91' lang='lat' dir='ltr'>solutionis</span> <span class='ocrx_word' id='word_1_146' title='bbox 983 1677 1107 1735; x_wconf 89' lang='lat' dir='ltr'>modum</span> 
     </span>
     <span class='ocr_line' id='line_1_18' title="bbox 86 1764 605 1841; baseline -0.004 -16"><span class='ocrx_word' id='word_1_147' title='bbox 86 1764 129 1825; x_wconf 90' lang='lat' dir='ltr'>sic</span> <span class='ocrx_word' id='word_1_148' title='bbox 148 1766 323 1824; x_wconf 80' lang='lat' dir='ltr'>declaratur.</span> <span class='ocrx_word' id='word_1_149' title='bbox 363 1765 478 1825; x_wconf 87' lang='lat' dir='ltr'>Ponam</span> <span class='ocrx_word' id='word_1_150' title='bbox 494 1767 605 1841; x_wconf 85' lang='lat' dir='ltr'>itaque,</span> 
     </span>
     <span class='ocr_line' id='line_1_19' title="bbox 87 1855 601 1931; baseline 0.002 -20"><span class='ocrx_word' id='word_1_151' title='bbox 87 1857 122 1912; x_wconf 87' lang='lat' dir='ltr'>ut</span> <span class='ocrx_word' id='word_1_152' title='bbox 148 1857 334 1931; x_wconf 85' lang='lat' dir='ltr'>pentagonus</span> <span class='ocrx_word' id='word_1_153' title='bbox 362 1856 470 1929; x_wconf 72' lang='lat' dir='ltr'>adybe</span> <span class='ocrx_word' id='word_1_154' title='bbox 504 1856 544 1913; x_wconf 91' lang='lat' dir='ltr'>sit</span> <span class='ocrx_word' id='word_1_155' title='bbox 570 1855 601 1912; x_wconf 92' lang='lat' dir='ltr'>in</span> 
     </span>
     <span class='ocr_line' id='line_1_20' title="bbox 87 1943 601 2019; baseline 0 -18"><span class='ocrx_word' id='word_1_156' title='bbox 87 1943 197 2002; x_wconf 90' lang='lat' dir='ltr'>circulo</span> <span class='ocrx_word' id='word_1_157' title='bbox 221 1943 400 2019; x_wconf 87' lang='lat' dir='ltr'>descriptus,</span> <span class='ocrx_word' id='word_1_158' title='bbox 429 1946 459 2002; x_wconf 89' lang='lat' dir='ltr'>et</span> <span class='ocrx_word' id='word_1_159' title='bbox 483 1962 601 2018; x_wconf 85' lang='lat' dir='ltr'>ponem,</span> 
     </span>
     <span class='ocr_line' id='line_1_21' title="bbox 52 2032 601 2109; baseline 0.004 -21"><span class='ocrx_word' id='word_1_160' title='bbox 52 2041 75 2080; x_wconf 62' lang='grc' dir='ltr'>αθ</span> <span class='ocrx_word' id='word_1_161' title='bbox 88 2033 124 2088; x_wconf 90' lang='lat' dir='ltr'>ut</span> <span class='ocrx_word' id='word_1_162' title='bbox 160 2033 289 2109; x_wconf 82' lang='lat' dir='ltr'>angulus</span> <span class='ocrx_word' id='word_1_163' title='bbox 322 2050 384 2105; x_wconf 76' lang='lat' dir='ltr'>ope</span> <span class='ocrx_word' id='word_1_164' title='bbox 416 2033 455 2090; x_wconf 90' lang='lat' dir='ltr'>sit</span> <span class='ocrx_word' id='word_1_165' title='bbox 487 2032 601 2107; x_wconf 89' lang='lat' dir='ltr'>equalis</span> 
     </span>
     <span class='ocr_line' id='line_1_22' title="bbox 89 2121 669 2198; baseline 0.003 -21"><span class='ocrx_word' id='word_1_166' title='bbox 89 2122 198 2198; x_wconf 81' lang='lat' dir='ltr'>angulo</span> <span class='ocrx_word' id='word_1_167' title='bbox 218 2123 289 2196; x_wconf 72' lang='lat' dir='ltr'>dyc,</span> <span class='ocrx_word' id='word_1_168' title='bbox 315 2121 393 2196; x_wconf 90' lang='lat' dir='ltr'>quod</span> <span class='ocrx_word' id='word_1_169' title='bbox 411 2121 601 2179; x_wconf 87' lang='lat' dir='ltr'>manifestum</span> <span class='ocrx_word' id='word_1_170' title='bbox 647 2147 669 2193; x_wconf 66' lang='lat' dir='ltr'><strong><em>d</em></strong></span> 
     </span>
     <span class='ocr_line' id='line_1_23' title="bbox 88 2209 602 2285; baseline 0 -17"><span class='ocrx_word' id='word_1_171' title='bbox 88 2213 133 2268; x_wconf 90' lang='lat' dir='ltr'>est</span> <span class='ocrx_word' id='word_1_172' title='bbox 166 2230 200 2268; x_wconf 84' lang='lat' dir='ltr'>ex</span> <span class='ocrx_word' id='word_1_173' title='bbox 232 2210 300 2285; x_wconf 91' lang='lat' dir='ltr'>hoc,</span> <span class='ocrx_word' id='word_1_174' title='bbox 338 2209 417 2285; x_wconf 93' lang='lat' dir='ltr'>quod</span> <span class='ocrx_word' id='word_1_175' title='bbox 449 2228 534 2268; x_wconf 84' lang='lat' dir='ltr'>araus</span> <span class='ocrx_word' id='word_1_176' title='bbox 565 2211 602 2269; x_wconf 85' lang='lat' dir='ltr'>be</span> 
     </span>
     <span class='ocr_line' id='line_1_24' title="bbox 88 2299 601 2375; baseline 0.002 -20"><span class='ocrx_word' id='word_1_177' title='bbox 88 2302 133 2357; x_wconf 89' lang='lat' dir='ltr'>est</span> <span class='ocrx_word' id='word_1_178' title='bbox 147 2299 261 2375; x_wconf 86' lang='lat' dir='ltr'>equalis</span> <span class='ocrx_word' id='word_1_179' title='bbox 281 2299 364 2357; x_wconf 92' lang='lat' dir='ltr'>arcui</span> <span class='ocrx_word' id='word_1_180' title='bbox 379 2317 428 2371; x_wconf 84' lang='lat' dir='ltr'>eo3</span> <span class='ocrx_word' id='word_1_181' title='bbox 448 2302 479 2357; x_wconf 90' lang='lat' dir='ltr'>et</span> <span class='ocrx_word' id='word_1_182' title='bbox 497 2299 601 2357; x_wconf 91' lang='lat' dir='ltr'>simili-</span> 
     </span>
     <span class='ocr_line' id='line_1_25' title="bbox 86 2387 601 2464; baseline 0.004 -20"><span class='ocrx_word' id='word_1_183' title='bbox 86 2389 133 2445; x_wconf 88' lang='lat' dir='ltr'>ter</span> <span class='ocrx_word' id='word_1_184' title='bbox 143 2387 304 2462; x_wconf 87' lang='lat' dir='ltr'>ostendam,</span> <span class='ocrx_word' id='word_1_185' title='bbox 320 2388 400 2463; x_wconf 91' lang='lat' dir='ltr'>quod</span> <span class='ocrx_word' id='word_1_186' title='bbox 411 2387 514 2464; x_wconf 81' lang='lat' dir='ltr'>anguli</span> <span class='ocrx_word' id='word_1_187' title='bbox 525 2389 601 2461; x_wconf 83' lang='lat' dir='ltr'>obd,</span> 
     </span>
     <span class='ocr_line' id='line_1_26' title="bbox 52 2476 602 2551; baseline -0.004 -16"><span class='ocrx_word' id='word_1_188' title='bbox 52 2477 165 2551; x_wconf 68' lang='lat' dir='ltr'>lbdbp,</span> <span class='ocrx_word' id='word_1_189' title='bbox 200 2479 264 2549; x_wconf 77' lang='lat' dir='ltr'>bap</span> <span class='ocrx_word' id='word_1_190' title='bbox 300 2479 369 2534; x_wconf 91' lang='lat' dir='ltr'>sunt</span> <span class='ocrx_word' id='word_1_191' title='bbox 401 2476 534 2550; x_wconf 84' lang='lat' dir='ltr'>equales,</span> <span class='ocrx_word' id='word_1_192' title='bbox 572 2479 602 2534; x_wconf 93' lang='lat' dir='ltr'>et</span> 
     </span>
     <span class='ocr_line' id='line_1_27' title="bbox 87 2563 602 2639; baseline -0.002 -17"><span class='ocrx_word' id='word_1_193' title='bbox 87 2563 602 2639; x_wconf 62' lang='lat' dir='ltr'>ostendamquodquisqueduorum</span> 
     </span>
     <span class='ocr_line' id='line_1_28' title="bbox 87 2653 600 2730; baseline 0.002 -21"><span class='ocrx_word' id='word_1_194' title='bbox 87 2653 264 2730; x_wconf 80' lang='lat' dir='ltr'>angulorum</span> <span class='ocrx_word' id='word_1_195' title='bbox 287 2653 364 2729; x_wconf 75' lang='lat' dir='ltr'>obp,</span> <span class='ocrx_word' id='word_1_196' title='bbox 388 2655 452 2726; x_wconf 73' lang='lat' dir='ltr'>oqb</span> <span class='ocrx_word' id='word_1_197' title='bbox 480 2655 525 2711; x_wconf 89' lang='lat' dir='ltr'>est</span> <span class='ocrx_word' id='word_1_198' title='bbox 548 2653 600 2710; x_wconf 93' lang='lat' dir='ltr'>du-</span> 
     </span>
     <span class='ocr_line' id='line_1_29' title="bbox 86 2741 599 2818; baseline 0 -20"><span class='ocrx_word' id='word_1_199' title='bbox 86 2742 155 2816; x_wconf 90' lang='lat' dir='ltr'>plus</span> <span class='ocrx_word' id='word_1_200' title='bbox 183 2741 287 2818; x_wconf 85' lang='lat' dir='ltr'>anguli</span> <span class='ocrx_word' id='word_1_201' title='bbox 315 2742 388 2814; x_wconf 75' lang='lat' dir='ltr'>bap.</span> <span class='ocrx_word' id='word_1_202' title='bbox 440 2741 599 2799; x_wconf 75' lang='lat' dir='ltr'>Eunomus</span> 
     </span>
     <span class='ocr_line' id='line_1_30' title="bbox 86 2826 1100 2907; baseline 0 -21"><span class='ocrx_word' id='word_1_203' title='bbox 86 2829 179 2907; x_wconf 87' lang='lat' dir='ltr'>igitur</span> <span class='ocrx_word' id='word_1_204' title='bbox 208 2829 245 2888; x_wconf 86' lang='lat' dir='ltr'>ab</span> <span class='ocrx_word' id='word_1_205' title='bbox 273 2829 327 2887; x_wconf 93' lang='lat' dir='ltr'>hoc</span> <span class='ocrx_word' id='word_1_206' title='bbox 354 2830 419 2888; x_wconf 88' lang='lat' dir='ltr'>loco</span> <span class='ocrx_word' id='word_1_207' title='bbox 446 2830 557 2903; x_wconf 89' lang='lat' dir='ltr'>incepit</span> <span class='ocrx_word' id='word_1_208' title='bbox 585 2831 615 2887; x_wconf 89' lang='lat' dir='ltr'>et</span> <span class='ocrx_word' id='word_1_209' title='bbox 642 2826 792 2887; x_wconf 87' lang='lat' dir='ltr'>ordinavit</span> <span class='ocrx_word' id='word_1_210' title='bbox 818 2827 1037 2903; x_wconf 84' lang='lat' dir='ltr'>probationem3</span> <span class='ocrx_word' id='word_1_211' title='bbox 1070 2830 1100 2886; x_wconf 92' lang='lat' dir='ltr'>et</span> 
     </span>
     <span class='ocr_line' id='line_1_31' title="bbox 52 2917 743 2994; baseline -0.003 -19"><span class='ocrx_word' id='word_1_212' title='bbox 52 2929 74 2969; x_wconf 78' lang='lat'>30</span> <span class='ocrx_word' id='word_1_213' title='bbox 86 2918 162 2977; x_wconf 90' lang='lat' dir='ltr'>illud</span> <span class='ocrx_word' id='word_1_214' title='bbox 185 2923 237 2994; x_wconf 90' lang='lat' dir='ltr'>est,</span> <span class='ocrx_word' id='word_1_215' title='bbox 262 2918 340 2992; x_wconf 93' lang='lat' dir='ltr'>quod</span> <span class='ocrx_word' id='word_1_216' title='bbox 363 2918 565 2975; x_wconf 85' lang='lat' dir='ltr'>demonstrare</span> <span class='ocrx_word' id='word_1_217' title='bbox 588 2917 743 2976; x_wconf 88' lang='lat' dir='ltr'>voluimus.</span> 
     </span>
    </p>
   </div>
   <div class='ocr_carea' id='block_1_3' title="bbox 159 3084 1008 3157">
    <p class='ocr_par' dir='ltr' id='par_1_3' title="bbox 159 3084 1008 3157">
     <span class='ocr_line' id='line_1_32' title="bbox 159 3084 1008 3157; baseline 0.001 -18"><span class='ocrx_word' id='word_1_218' title='bbox 159 3092 182 3140; x_wconf 76' lang='lat'>2.</span> <span class='ocrx_word' id='word_1_219' title='bbox 203 3085 331 3157; x_wconf 88' lang='lat' dir='ltr'>obtusus]</span> <span class='ocrx_word' id='word_1_220' title='bbox 351 3085 489 3154; x_wconf 88' lang='lat' dir='ltr'>obliquus.</span> <span class='ocrx_word' id='word_1_221' title='bbox 512 3117 543 3125; x_wconf 96' lang='lat'><em>-</em></span> <span class='ocrx_word' id='word_1_222' title='bbox 565 3092 606 3140; x_wconf 85' lang='grc'>14.</span> <span class='ocrx_word' id='word_1_223' title='bbox 625 3084 832 3156; x_wconf 85' lang='lat' dir='ltr'>probationem]</span> <span class='ocrx_word' id='word_1_224' title='bbox 850 3085 1008 3153; x_wconf 82' lang='lat' dir='ltr'>provident.</span> 
     </span>
    </p>
   </div>
   <div class='ocr_carea' id='block_1_4' title="bbox 86 3261 1101 3547">
    <p class='ocr_par' dir='ltr' id='par_1_4' title="bbox 86 3261 1100 3475">
     <span class='ocr_line' id='line_1_33' title="bbox 160 3261 1098 3332; baseline 0.001 -16"><span class='ocrx_word' id='word_1_225' title='bbox 160 3266 186 3332; x_wconf 88' lang='lat'>1)</span> <span class='ocrx_word' id='word_1_226' title='bbox 204 3262 298 3316; x_wconf 90' lang='lat' dir='ltr'>Prima</span> <span class='ocrx_word' id='word_1_227' title='bbox 316 3280 381 3332; x_wconf 89' lang='lat' dir='ltr'>pars</span> <span class='ocrx_word' id='word_1_228' title='bbox 401 3261 555 3317; x_wconf 88' lang='lat' dir='ltr'>additionis</span> <span class='ocrx_word' id='word_1_229' title='bbox 573 3264 699 3318; x_wconf 80' lang='lat' dir='ltr'>Auumrn</span> <span class='ocrx_word' id='word_1_230' title='bbox 718 3263 754 3317; x_wconf 89' lang='lat' dir='ltr'>ab</span> <span class='ocrx_word' id='word_1_231' title='bbox 773 3262 817 3332; x_wconf 88' lang='lat' dir='ltr'>iis,</span> <span class='ocrx_word' id='word_1_232' title='bbox 836 3279 908 3332; x_wconf 88' lang='lat' dir='ltr'>quae</span> <span class='ocrx_word' id='word_1_233' title='bbox 928 3264 962 3317; x_wconf 90' lang='lat' dir='ltr'>de</span> <span class='ocrx_word' id='word_1_234' title='bbox 978 3280 1012 3318; x_wconf 83' lang='lat' dir='ltr'>ee</span> <span class='ocrx_word' id='word_1_235' title='bbox 1025 3281 1056 3318; x_wconf 92' lang='lat' dir='ltr'>re</span> <span class='ocrx_word' id='word_1_236' title='bbox 1068 3263 1098 3317; x_wconf 89' lang='lat' dir='ltr'>in</span> 
     </span>
     <span class='ocr_line' id='line_1_34' title="bbox 87 3333 1100 3403; baseline 0.002 -15"><span class='ocrx_word' id='word_1_237' title='bbox 87 3333 211 3388; x_wconf 84' lang='lat' dir='ltr'>editione</span> <span class='ocrx_word' id='word_1_238' title='bbox 226 3333 345 3388; x_wconf 71' lang='lat' dir='ltr'>Caurum</span> <span class='ocrx_word' id='word_1_239' title='bbox 358 3333 546 3403; x_wconf 83' lang='lat' dir='ltr'>inveniuntur,</span> <span class='ocrx_word' id='word_1_240' title='bbox 563 3333 751 3389; x_wconf 85' lang='lat' dir='ltr'>essentialiter</span> <span class='ocrx_word' id='word_1_241' title='bbox 766 3336 808 3387; x_wconf 85' lang='lat' dir='ltr'>est</span> <span class='ocrx_word' id='word_1_242' title='bbox 823 3333 939 3389; x_wconf 85' lang='lat' dir='ltr'>diversa.</span> <span class='ocrx_word' id='word_1_243' title='bbox 969 3334 1100 3390; x_wconf 85' lang='lat' dir='ltr'>Secunda</span> 
     </span>
     <span class='ocr_line' id='line_1_35' title="bbox 86 3404 860 3475; baseline 0.003 -17"><span class='ocrx_word' id='word_1_244' title='bbox 86 3422 160 3475; x_wconf 87' lang='lat' dir='ltr'>pars,</span> <span class='ocrx_word' id='word_1_245' title='bbox 180 3407 212 3458; x_wconf 94' lang='lat' dir='ltr'>ut</span> <span class='ocrx_word' id='word_1_246' title='bbox 230 3404 315 3474; x_wconf 88' lang='lat' dir='ltr'>prius,</span> <span class='ocrx_word' id='word_1_247' title='bbox 335 3404 474 3474; x_wconf 87' lang='lat' dir='ltr'>analysim</span> <span class='ocrx_word' id='word_1_248' title='bbox 493 3405 707 3460; x_wconf 88' lang='lat' dir='ltr'>constructionis</span> <span class='ocrx_word' id='word_1_249' title='bbox 727 3405 860 3460; x_wconf 87' lang='lat' dir='ltr'>declarat.</span> 
     </span>
    </p>

    <p class='ocr_par' dir='ltr' id='par_1_5' title="bbox 157 3476 1101 3547">
     <span class='ocr_line' id='line_1_36' title="bbox 157 3476 1101 3547; baseline 0.006 -19"><span class='ocrx_word' id='word_1_250' title='bbox 157 3479 185 3544; x_wconf 83' lang='lat'>2)</span> <span class='ocrx_word' id='word_1_251' title='bbox 202 3476 339 3530; x_wconf 61' lang='lat' dir='ltr'>aaronem</span> <span class='ocrx_word' id='word_1_252' title='bbox 358 3476 404 3547; x_wconf 89' lang='lat' dir='ltr'>IV,</span> <span class='ocrx_word' id='word_1_253' title='bbox 425 3483 470 3533; x_wconf 87' lang='lat'>11:</span> <span class='ocrx_word' id='word_1_254' title='bbox 502 3480 585 3533; x_wconf 80' lang='lat' dir='ltr'>Intra</span> <span class='ocrx_word' id='word_1_255' title='bbox 607 3479 702 3532; x_wconf 83' lang='lat' dir='ltr'>dutum</span> <span class='ocrx_word' id='word_1_256' title='bbox 724 3478 855 3532; x_wconf 78' lang='lat' dir='ltr'>circulum</span> <span class='ocrx_word' id='word_1_257' title='bbox 878 3478 1056 3546; x_wconf 80' lang='lat' dir='ltr'>equitaterum</span> <span class='ocrx_word' id='word_1_258' title='bbox 1074 3483 1101 3534; x_wconf 77' lang='lat' dir='ltr'>et</span> 
     </span>
    </p>
   </div>
   <div class='ocr_carea' id='block_1_5' title="bbox 96 3548 680 3624">
    <p class='ocr_par' dir='ltr' id='par_1_6' title="bbox 96 3548 680 3624">
     <span class='ocr_line' id='line_1_37' title="bbox 96 3548 680 3624; baseline 0.014 -27"><span class='ocrx_word' id='word_1_259' title='bbox 96 3548 271 3617; x_wconf 55' lang='lat' dir='ltr'>macuculam</span> <span class='ocrx_word' id='word_1_260' title='bbox 285 3551 501 3624; x_wconf 72' lang='lat' dir='ltr'>penthaponum</span> <span class='ocrx_word' id='word_1_261' title='bbox 520 3551 680 3608; x_wconf 81' lang='lat' dir='ltr'>describere.</span> 
     </span>
    </p>
   </div>
   <div class='ocr_carea' id='block_1_6' title="bbox 0 0 1175 3834">
    <p class='ocr_par' dir='ltr' id='par_1_7' title="bbox 0 0 1175 3834">
     <span class='ocr_line' id='line_1_38' title="bbox 0 0 1175 3834; baseline 0 0"><span class='ocrx_word' id='word_1_262' title='bbox 0 0 1175 3834; x_wconf 95' lang='lat' dir='ltr'> </span> 
     </span>
    </p>
   </div>
  </div>
 </body>
</html>
