2340 3834
98 177 163 243 366
385 177 549 232 ANARITII
567 176 824 234 COMMENTARII

97 345 204 424 figura.
248 345 457 422 Multiplicabo
483 348 580 424 igitur
602 347 783 422 quadratum
806 347 859 421 by,
887 345 967 422 quod
992 347 1038 404 θεὴ
1060 347 1109 421 36,

98 435 130 493 in
153 434 335 511 superfluum
358 435 438 510 quod
462 439 507 494 ost
529 437 608 494 inter
630 436 705 495 duos
723 435 895 512 quadratos,
918 435 1000 511 quod
1018 437 1063 494 θεὴ
1082 438 1109 511 5,

98 527 129 582 θὴ
151 525 210 582 erit
234 525 305 582 180.
346 523 488 583 Dividam
511 543 580 602 ergo
603 525 691 583 illum
713 543 768 601 per
791 528 820 600 9,
843 527 874 584 θὴ
896 524 954 583 erit
978 526 1030 583 20.
1070 523 1109 584 ut

99 1594 172 1668 quia
198 1592 351 1668 proportio
378 1592 418 1650 de
446 1591 483 1650 ad
512 1609 546 1652 ee
567 1611 627 1650 non
650 1594 696 1651 θεὴ
718 1590 796 1650 sicut
818 1593 973 1668 proportio
996 1591 1109 1649 numeri

72 1681 237 1756 uqucdrati
269 1681 306 1739 ad
333 1699 488 1737 numerum
514 1680 705 1756 quadratum,
737 1681 828 1739 etiam
854 1681 1010 1757 proportio
1040 1699 1110 1756 qua·

99 1769 178 1828 drati
205 1772 245 1844 tq
272 1769 309 1827 ad
337 1769 515 1843 quadratum
539 1771 583 1845 pt
610 1763 712 1847 <non>
740 1773 785 1828 θεὴ
811 1770 966 1846 proportio
994 1769 1109 1828 numeri

99 1858 240 1933 quadrati
272 1857 309 1917 ad
340 1877 495 1915 numerum
522 1857 715 1933 quadratum:
748 1876 818 1936 ergo
846 1860 885 1932 by
912 1859 1111 1918 communicat

97 1949 142 2021 qt
164 1947 195 2004 in
218 1947 362 2022 potentia.
408 1945 465 2004 Sed
486 1948 527 2021 qb
552 1950 596 2006 θεὴ
618 1946 774 2006 rationalis
797 1948 828 2004 in
851 1947 1055 2025 longitudine,
1082 1949 1111 2006 et

97 2037 140 2110 ph
163 2040 209 2095 θεὴ
229 2036 385 2096 rationalis
406 2035 440 2092 in
461 2037 606 2111 potentia,
630 2039 660 2094 θὴ
683 2039 754 2094 sunt
775 2037 1062 2096 incommunicantes
1080 2037 1110 2094 in

59 2135 86 2176 10
99 2124 299 2203 longitudine:
328 2143 397 2202 ergo
426 2126 481 2200 by,
505 2126 548 2198 pt
572 2127 604 2182 in
626 2124 763 2201 potentia
784 2127 902 2184 tantum
925 2128 998 2185 sunt
1020 2126 1110 2184 ratio·

99 2215 181 2273 nales
203 2217 233 2273 θὴ
251 2214 510 2288 communicantes,
535 2232 604 2291 ergo
624 2215 664 2271 bt
682 2217 727 2272 θεὴ
744 2213 903 2288 residuum,
926 2217 958 2272 θὴ
975 2215 1111 2273 iunctum

100 2322 166 2362 oum
189 2321 223 2361 θο
247 2306 292 2363 θεὴ
311 2305 362 2377 qt.
409 2299 572 2361 Ostendam
595 2305 709 2377 autem,
735 2302 812 2361 sicut
834 2302 950 2361 ostendi
973 2304 1006 2360 in
1029 2303 1110 2361 bino-

99 2395 176 2468 miis,
200 2392 279 2468 quod
302 2394 341 2466 bq
363 2393 463 2467 potest
485 2410 575 2467 supra
596 2392 639 2465 qh
657 2410 723 2449 cum
741 2385 944 2469 <augmento>
963 2391 1111 2466 quadrati,

100 2482 183 2540 cuius
206 2481 295 2540 lateri
317 2482 349 2537 in
369 2479 555 2557 longitudine
575 2479 780 2555 communicat,
804 2483 834 2539 θὴ
853 2481 892 2554 69
910 2482 1111 2539 communicat

60 2582 85 2622 15
99 2565 220 2648 (linae)
241 2569 383 2629 rationali
407 2568 474 2627 date
497 2570 530 2626 in
552 2568 748 2646 longitudino,
771 2567 851 2644 quod
874 2571 919 2628 cst
937 2569 1015 2645 ideo,
1039 2589 1111 2645 quo-

99 2660 181 2717 niam
213 2658 391 2734 quadratum
422 2659 461 2731 by
488 2662 533 2717 θεὴ
561 2659 616 2732 36,
648 2660 678 2715 θὴ
705 2657 884 2733 quadratum
909 2656 953 2731 qh
981 2661 1029 2716 θεὴ
1056 2660 1111 2716 20:

101 2767 171 2825 crgo
200 2747 381 2823 quadratum
408 2748 448 2820 by
475 2746 559 2806 addit
587 2765 678 2821 supra
705 2745 883 2822 quadratum
907 2747 951 2820 ph
976 2749 1033 2822 16,
1060 2746 1111 2821 qui

101 2840 146 2896 θεὴ
168 2855 307 2895 numerus
330 2835 502 2911 quadratus,
524 2835 607 2894 cuius
629 2834 718 2894 lateri
739 2835 937 2894 communicat
958 2836 991 2892 in
1016 2836 1111 2913 longi-

99 2925 212 2986 tudine.
266 2927 345 3001 Ergo
382 2923 422 2984 bh
454 2928 498 2983 θεὴ
528 2923 678 2983 residuum
708 2923 851 3000 primum;
888 2927 918 2983 et
950 2924 1026 2982 illud
1058 2928 1112 2996 est,

61 3029 88 3070 eo
102 3015 182 3092 quod
205 3015 405 3074 demonstrare
427 3012 584 3072 voluimus.
608 3015 650 3054 '—

189 3103 274 3162 Volo
294 3103 455 3161 invenire
473 3100 656 3159 residuum
672 3099 860 3159 secundum
874 3094 1109 3183 <binomii>.¹)

189 3192 273 3250 Duas
300 3192 393 3268 igitur
418 3191 513 3249 lineas
534 3189 695 3248 rationales
717 3189 748 3246 in
770 3188 956 3267 longitudine
980 3194 1012 3249 θὴ
1034 3208 1111 3248 oom-

101 3281 300 3356 munioantcs,
332 3298 352 3338 a
379 3281 409 3338 et
436 3281 488 3355 by,
521 3278 658 3356 signabo,
687 3297 743 3353 que
771 3279 811 3337 sit
839 3280 879 3337 12
909 3297 944 3336 ex
971 3279 1111 3339 numeris.

159 3493 190 3560 1)
218 3472 356 3546 Eucanus
376 3485 500 3543 emm
517 3483 559 3556 X,
574 3488 611 3538 ui
637 3481 793 3555 OEnmmuu
809 3481 854 3549 K,
867 3484 927 3551 861:
958 3482 1112 3540 Residoeem

70 3566 235 3624 secundum
251 3565 429 3639 patefacere.
