2340 3834
377 185 427 239 AD
445 183 630 240 EUCLIDEM
647 184 715 240 LIB.
730 183 762 240 X.
1001 183 1066 248 313

42 353 335 429 perpendicularem
360 357 413 430 ad,
441 359 471 414 et
493 354 655 429 producam
678 354 751 414 duas
774 354 868 413 lineas
891 354 936 412 cd
959 355 989 411 et
1012 353 1067 411 ab:

46 443 124 502 dico
147 441 250 520 igitur,
274 442 355 519 quod
377 442 434 502 due
456 443 534 501 lineo
556 443 601 502 cd
619 445 649 501 et
667 444 708 502 dt
727 445 805 517 suut,
829 442 905 502 sicut
923 440 1068 515 volumus,

50 531 138 607 quod
166 531 209 590 sic
233 532 387 608 probatur.
442 530 518 599 Quia
546 531 624 589 enim
650 530 862 606 multiplicatio
890 531 934 590 ab
960 530 992 588 in
1020 548 1067 605 aa,

49 624 103 680 est
122 620 237 695 equalis
254 619 498 697 multiplicationi
517 621 561 678 acl
578 620 610 677 in
629 637 669 692 se,
691 619 852 678 secundum
870 618 952 694 quod
971 621 1067 679 osten-

52 729 124 769 sum
143 710 189 767 est
204 709 237 766 in
254 708 503 785 multiplicatione
517 707 763 781 antecedentium,
778 727 848 785 ergo
861 706 1067 783 multiplicabo
1095 719 1112 760 t

55 799 117 870 ab,
146 816 204 872 que
232 799 277 856 est
305 800 446 873 quatuor,
472 796 505 853 in
528 815 579 872 ca,
608 815 665 872 que
688 798 733 855 est
755 795 814 855 duo
838 800 869 855 et
889 795 975 854 radix
998 796 1068 856 duo·

55 906 140 960 rum,
164 885 243 960 quod
265 889 324 960 est·
341 889 376 943 ut
397 884 629 960 multiplicemus
653 887 781 960 quatuor
803 884 835 942 in
858 885 926 960 duo,
949 888 980 943 et
1002 903 1068 960 pro·

56 975 162 1032 veniet
189 976 255 1033 octo
283 994 318 1033 ex
344 973 488 1048 numeris,
515 973 621 1032 deiude
646 973 854 1049 multiplicabo
883 975 1011 1049 quatuor
1038 973 1069 1030 in

59 1064 199 1138 quatuor,
223 1065 253 1121 et
275 1063 429 1139 proveniet
452 1062 597 1122 sexdecim
615 1061 806 1145 cucumeris,
828 1061 935 1121 deinde
951 1060 984 1120 iu
1002 1061 1069 1137 duc,

60 1153 93 1209 et
111 1151 177 1225 erit,
199 1151 279 1227 quod
295 1151 441 1227 provenit,
459 1151 586 1228 triginta
604 1151 675 1210 duo:
694 1151 752 1209 erit
770 1169 839 1227 ergo
857 1149 1069 1225 multiplicatio
1084 1164 1110 1203 1o

60 1241 106 1298 cd
128 1239 160 1297 in
184 1258 214 1298 se
237 1244 304 1299 octo
328 1244 358 1299 et
378 1239 464 1299 radix
481 1239 760 1317 trigintaduorum.
796 1236 981 1307 Quadratum
999 1257 1069 1315 ergo

60 1330 105 1387 ad
128 1332 175 1388 est
197 1332 263 1388 octo
286 1332 317 1387 et
338 1328 424 1387 radix
446 1328 572 1405 triginta
595 1328 732 1387 duorum:
759 1347 830 1406 ergo
854 1327 935 1386 linea
958 1329 1002 1386 cd
1025 1330 1070 1386 est

61 1421 128 1477 octo
150 1420 181 1475 et
197 1417 283 1476 radix
300 1418 426 1495 triginta
445 1417 570 1475 duorum
587 1416 686 1476 radice
705 1420 834 1491 accepta.
876 1414 960 1486 Quod
978 1415 1070 1474 etiam

59 1506 271 1582 multiplicatio
299 1509 340 1565 ab
367 1506 400 1564 iu
427 1506 465 1566 ba
492 1507 538 1564 est
565 1505 681 1581 equalis
707 1505 952 1581 multiplicationi
975 1506 1017 1564 bd
1038 1504 1070 1562 iu

60 1613 104 1653 se:
127 1596 185 1653 erit
207 1614 277 1673 ergo
299 1596 341 1654 bd
357 1595 390 1653 in
408 1612 439 1652 se
458 1597 525 1653 octo
544 1593 654 1670 absque
673 1594 771 1652 radice
790 1594 916 1671 triginta
934 1592 1068 1652 duorum.
1083 1606 1109 1647 ιε

61 1682 145 1752 Quod
173 1685 264 1743 etiam
286 1684 328 1743 ab
350 1686 450 1758 potest
473 1701 564 1758 supra
587 1683 627 1755 by
649 1680 811 1742 secundum
834 1677 1070 1760 (augmentum)

62 1773 214 1847 quadrati,
238 1772 321 1831 cuius
344 1773 424 1831 latus
448 1772 488 1830 ub
511 1771 544 1828 in
566 1770 751 1848 longitudine
773 1771 1017 1846 incommunicat‚
1040 1773 1072 1830 et

62 1864 171 1936 quarta
200 1860 339 1936 quadrati
366 1862 405 1935 by
428 1863 473 1919 est
495 1853 652 1936 (equalis)
676 1877 716 1919 aa
738 1859 770 1917 in
792 1861 842 1920 ab:
871 1879 941 1939 ergo
964 1877 1005 1920 aa
1025 1859 1070 1917 in·

61 1950 258 2008 communicat
283 1950 321 2008 at
348 1949 380 2006 in
407 1947 603 2025 longitudine.
652 1947 811 2023 Propertio
839 1951 938 2007 autem
965 1966 1005 2008 ca
1032 1948 1071 2006 ad

60 2039 98 2096 ab
131 2041 176 2096 est
208 2038 285 2097 aaut
315 2036 468 2113 proportio
501 2035 641 2112 quadrati
673 2037 717 2095 od
749 2036 787 2093 ad
815 2036 993 2111 quadratum
1020 2037 1071 2110 ab,
1085 2050 1112 2091 ao

62 2124 185 2201 propter
196 2125 422 2185 similitudinem
432 2125 558 2184 duorum
572 2124 803 2200 triangulorum:
817 2143 887 2200 ergo
899 2123 1072 2200 qradratum

63 2215 107 2272 cd
130 2218 175 2273 est
198 2215 363 2274 seiunctum
387 2214 533 2291 quadrato
557 2215 606 2273 old.
654 2210 839 2281 Quadratum
861 2212 953 2271 etiam
971 2212 1008 2271 be
1026 2214 1073 2270 est

64 2303 169 2377 equale
193 2303 339 2378 quadrato
362 2304 415 2363 da:
439 2321 509 2379 ergo
533 2303 571 2361 be
594 2304 639 2360 est
661 2300 777 2376 equalis
796 2302 849 2375 da,
872 2303 902 2358 et
920 2299 1011 2358 etiam
1030 2300 1072 2359 ab

63 2394 92 2448 et
119 2392 159 2465 by
191 2391 222 2449 in
254 2391 389 2466 potentia
420 2393 538 2450 tantum
568 2392 637 2449 sunt
665 2389 826 2448 rationales
855 2391 885 2447 et
911 2387 1072 2449 communi·

63 2482 171 2553 cantea
195 2481 225 2538 et
242 2482 285 2539 'be
308 2482 353 2538 est
374 2479 518 2538 medietas
542 2480 595 2553 bo,
618 2497 688 2556 ergo
712 2479 753 2537 ab
776 2481 807 2537 et
828 2480 865 2538 tc
886 2475 1112 2554 inpotentiam

62 2570 180 2626 tautum
203 2571 273 2627 sunt
294 2568 457 2626 rationales
481 2570 511 2626 et
529 2567 792 2627 communicantes:
815 2578 885 2644 ergo
903 2566 1072 2643 superficies

63 2659 103 2715 ob
131 2656 163 2715 in
192 2658 228 2715 bc
251 2659 296 2715 est
318 2655 462 2721 medietas
485 2655 629 2715 medialis.
677 2655 736 2714 Sed
759 2657 863 2715 deest
886 2656 1001 2731 equalis
1023 2658 1073 2733 da,

60 2765 133 2822 ergo
159 2745 327 2821 superficies
351 2746 393 2804 cb
416 2745 448 2802 in
470 2746 510 2804 da
533 2747 578 2803 est
594 2743 740 2818 medialis,
762 2747 793 2803 et
810 2744 877 2820 ipsa
895 2747 940 2804 est
958 2745 1072 2822 equalis

62 2834 228 2910 superficiei
259 2836 303 2894 cd
334 2834 367 2891 in
396 2835 451 2907 db3
481 2836 512 2891 et
539 2833 630 2892 etiam
660 2834 701 2892 ab
729 2836 774 2893 est
800 2833 969 2910 rationalis,
1002 2853 1072 2912 ergo

63 2923 244 2998 quadratum
276 2923 339 2982 eius
372 2925 417 2981 est
446 2922 602 2980 rationale.
653 2921 711 2981 Sed
743 2922 923 2998 quadratum
953 2924 995 2982 ab
1027 2926 1073 2985 est
1086 2937 1113 2978 eo

63 3011 170 3087 equale
203 3011 316 3071 duobus
348 3010 503 3086 quadratis
535 3012 592 3086 ud,
624 3011 665 3070 db
698 3010 874 3071 coniunctis:
912 3031 981 3089 ergo
1013 3012 1072 3072 duo

62 3100 209 3174 quadrata
236 3101 292 3175 ud,
315 3101 357 3159 db
385 3099 542 3159 coniuncta
569 3103 640 3159 sunt
665 3099 820 3160 rationale.
867 3099 949 3177 Erga
971 3102 1015 3160 od
1042 3104 1073 3159 et

61 3190 102 3249 db
139 3189 171 3246 in
202 3189 337 3264 potentia
368 3183 479 3265 (sunt)
510 3187 792 3248 incommuuicautes
825 3191 855 3246 et
886 3189 1071 3249 continentes

133 3417 157 3465 b.
181 3409 389 3480 multiplicatio.
417 3441 453 3450 -
482 3416 602 3464 11-13,
631 3409 719 3464 Verba
743 3408 916 3474 Quadratum
1025 3425 1071 3464 ac-

58 3484 193 3617 {gignita
211 3482 326 3552 Mscpto.
339 3487 403 3550 post
419 3498 447 3551 p.
458 3485 511 3536 314
526 3481 604 3536 liu2
621 3482 713 3550 positu
731 3488 806 3536 aaut.
820 3512 853 3521 -
871 3485 920 3534 is.
935 3480 1085 3546 anaunia.
