<?xml version="1.0" encoding="UTF-8"?>
<!DOCTYPE html PUBLIC "-//W3C//DTD XHTML 1.0 Transitional//EN"
    "http://www.w3.org/TR/xhtml1/DTD/xhtml1-transitional.dtd">
<html xmlns="http://www.w3.org/1999/xhtml" xml:lang="en" lang="en">
 <head>
  <title>
</title>
<meta http-equiv="Content-Type" content="text/html;charset=utf-8" />
  <meta name='ocr-system' content='tesseract 3.04.00' />
  <meta name='ocr-capabilities' content='ocr_page ocr_carea ocr_par ocr_line ocrx_word'/>
</head>
<body>
  <div class='ocr_page' id='page_1' title='image "./euclidisoperaom14unkngoog_0216.png"; bbox 0 0 2340 3834; ppageno 0'>
   <div class='ocr_carea' id='block_1_1' title="bbox 412 174 1114 242">
    <p class='ocr_par' dir='ltr' id='par_1_1' title="bbox 412 174 1114 242">
     <span class='ocr_line' id='line_1_1' title="bbox 412 174 1114 242; baseline 0.019 -13"><span class='ocrx_word' id='word_1_1' title='bbox 412 175 462 229; x_wconf 80' lang='lat' dir='ltr'><strong>AD</strong></span> <span class='ocrx_word' id='word_1_2' title='bbox 480 174 666 230; x_wconf 83' lang='lat' dir='ltr'><strong>EUCLIDEM</strong></span> <span class='ocrx_word' id='word_1_3' title='bbox 683 175 749 231; x_wconf 89' lang='lat' dir='ltr'><strong>LIB.</strong></span> <span class='ocrx_word' id='word_1_4' title='bbox 764 176 811 231; x_wconf 88' lang='lat' dir='ltr'><strong>VI.</strong></span> <span class='ocrx_word' id='word_1_5' title='bbox 1051 177 1114 242; x_wconf 80' lang='grc'><strong>179</strong></span> 
     </span>
    </p>
   </div>
   <div class='ocr_carea' id='block_1_2' title="bbox 67 340 1115 689">
    <p class='ocr_par' dir='ltr' id='par_1_2' title="bbox 67 340 1115 689">
     <span class='ocr_line' id='line_1_2' title="bbox 71 340 1114 421; baseline 0.006 -24"><span class='ocrx_word' id='word_1_6' title='bbox 71 340 136 398; x_wconf 85' lang='lat' dir='ltr'><strong>ad</strong></span> <span class='ocrx_word' id='word_1_7' title='bbox 166 341 209 417; x_wconf 79' lang='lat' dir='ltr'><strong>lle,</strong></span> <span class='ocrx_word' id='word_1_8' title='bbox 234 361 304 421; x_wconf 90' lang='lat' dir='ltr'><strong>ergo</strong></span> <span class='ocrx_word' id='word_1_9' title='bbox 326 345 479 419; x_wconf 80' lang='lat' dir='ltr'><strong>proportio</strong></span> <span class='ocrx_word' id='word_1_10' title='bbox 499 347 539 419; x_wconf 77' lang='lat' dir='ltr'><strong>bg</strong></span> <span class='ocrx_word' id='word_1_11' title='bbox 562 346 600 403; x_wconf 88' lang='lat' dir='ltr'><strong>ad</strong></span> <span class='ocrx_word' id='word_1_12' title='bbox 619 346 658 403; x_wconf 80' lang='lat' dir='ltr'><strong>ol</strong></span> <span class='ocrx_word' id='word_1_13' title='bbox 677 349 722 404; x_wconf 89' lang='lat' dir='ltr'><strong>est</strong></span> <span class='ocrx_word' id='word_1_14' title='bbox 744 346 821 404; x_wconf 86' lang='lat' dir='ltr'><strong>siout</strong></span> <span class='ocrx_word' id='word_1_15' title='bbox 843 346 995 421; x_wconf 78' lang='lat' dir='ltr'><strong>proportio</strong></span> <span class='ocrx_word' id='word_1_16' title='bbox 1014 346 1054 419; x_wconf 77' lang='lat' dir='ltr'><strong>bg</strong></span> <span class='ocrx_word' id='word_1_17' title='bbox 1076 346 1114 403; x_wconf 86' lang='lat' dir='ltr'><strong>ad</strong></span> 
     </span>
     <span class='ocr_line' id='line_1_3' title="bbox 69 429 1113 510; baseline 0.007 -25"><span class='ocrx_word' id='word_1_18' title='bbox 69 445 122 487; x_wconf 81' lang='lat' dir='ltr'><strong>ez</strong></span> <span class='ocrx_word' id='word_1_19' title='bbox 164 429 319 506; x_wconf 81' lang='lat' dir='ltr'><strong>duplicata.</strong></span> <span class='ocrx_word' id='word_1_20' title='bbox 361 431 419 492; x_wconf 85' lang='lat' dir='ltr'><strong>Sed</strong></span> <span class='ocrx_word' id='word_1_21' title='bbox 441 434 595 509; x_wconf 76' lang='lat' dir='ltr'><strong>proportio</strong></span> <span class='ocrx_word' id='word_1_22' title='bbox 615 436 654 508; x_wconf 76' lang='lat' dir='ltr'><strong>bg</strong></span> <span class='ocrx_word' id='word_1_23' title='bbox 676 434 714 492; x_wconf 86' lang='lat' dir='ltr'><strong>ad</strong></span> <span class='ocrx_word' id='word_1_24' title='bbox 733 435 773 492; x_wconf 83' lang='lat' dir='ltr'><strong>bl</strong></span> <span class='ocrx_word' id='word_1_25' title='bbox 796 436 841 493; x_wconf 84' lang='lat' dir='ltr'><strong>est</strong></span> <span class='ocrx_word' id='word_1_26' title='bbox 863 436 940 493; x_wconf 86' lang='lat' dir='ltr'><strong>siout</strong></span> <span class='ocrx_word' id='word_1_27' title='bbox 961 435 1113 510; x_wconf 80' lang='lat' dir='ltr'><strong>proportio</strong></span> 
     </span>
     <span class='ocr_line' id='line_1_4' title="bbox 67 517 1115 602; baseline 0.007 -27"><span class='ocrx_word' id='word_1_28' title='bbox 67 517 246 596; x_wconf 78' lang='lat' dir='ltr'><strong>trianguli</strong></span> <span class='ocrx_word' id='word_1_29' title='bbox 264 522 329 595; x_wconf 67' lang='lat' dir='ltr'><strong>abo</strong></span> <span class='ocrx_word' id='word_1_30' title='bbox 357 522 395 602; x_wconf 86' lang='lat' dir='ltr'><strong>ad</strong></span> <span class='ocrx_word' id='word_1_31' title='bbox 416 523 600 600; x_wconf 87' lang='lat' dir='ltr'><strong>triangulum</strong></span> <span class='ocrx_word' id='word_1_32' title='bbox 624 524 701 598; x_wconf 80' lang='lat' dir='ltr'><strong>oble,</strong></span> <span class='ocrx_word' id='word_1_33' title='bbox 729 525 759 581; x_wconf 88' lang='lat' dir='ltr'><strong>et</strong></span> <span class='ocrx_word' id='word_1_34' title='bbox 780 523 933 599; x_wconf 86' lang='lat' dir='ltr'><strong>proportio</strong></span> <span class='ocrx_word' id='word_1_35' title='bbox 957 525 996 597; x_wconf 76' lang='lat' dir='ltr'><strong>bg</strong></span> <span class='ocrx_word' id='word_1_36' title='bbox 1019 524 1057 581; x_wconf 87' lang='lat' dir='ltr'><strong>ad</strong></span> <span class='ocrx_word' id='word_1_37' title='bbox 1081 541 1115 583; x_wconf 75' lang='lat' dir='ltr'><strong>ea</strong></span> 
     </span>
     <span class='ocr_line' id='line_1_5' title="bbox 68 604 1113 689; baseline 0.008 -28"><span class='ocrx_word' id='word_1_38' title='bbox 68 604 254 682; x_wconf 78' lang='lat' dir='ltr'><strong>duplicata</strong></span> <span class='ocrx_word' id='word_1_39' title='bbox 277 612 322 668; x_wconf 85' lang='lat' dir='ltr'><strong>est</strong></span> <span class='ocrx_word' id='word_1_40' title='bbox 345 611 421 670; x_wconf 84' lang='lat' dir='ltr'><strong>sieut</strong></span> <span class='ocrx_word' id='word_1_41' title='bbox 442 614 595 687; x_wconf 89' lang='lat' dir='ltr'><strong>proportio</strong></span> <span class='ocrx_word' id='word_1_42' title='bbox 618 613 763 689; x_wconf 83' lang='lat' dir='ltr'><strong>trianguli</strong></span> <span class='ocrx_word' id='word_1_43' title='bbox 782 614 846 686; x_wconf 71' lang='lat' dir='ltr'><strong>obp</strong></span> <span class='ocrx_word' id='word_1_44' title='bbox 869 614 907 671; x_wconf 85' lang='lat' dir='ltr'><strong>ad</strong></span> <span class='ocrx_word' id='word_1_45' title='bbox 929 613 1113 689; x_wconf 88' lang='lat' dir='ltr'><strong>triangulum</strong></span> 
     </span>
    </p>
   </div>
   <div class='ocr_carea' id='block_1_3' title="bbox 227 849 977 1336">
    <p class='ocr_par' dir='ltr' id='par_1_3' title="bbox 227 793 977 1336">
     <span class='ocr_line' id='line_1_6' title="bbox 227 849 977 1336; baseline 0.008 -44"><span class='ocrx_word' id='word_1_46' title='bbox 227 893 531 1298; x_wconf 62' lang='lat' dir='ltr'><strong>n</strong></span> <span class='ocrx_word' id='word_1_47' title='bbox 571 849 977 1336; x_wconf 58' lang='grc' dir='ltr'><strong>Α</strong></span> 
     </span>
    </p>
   </div>
   <div class='ocr_carea' id='block_1_4' title="bbox 59 1427 1152 2852">
    <p class='ocr_par' dir='ltr' id='par_1_4' title="bbox 59 1427 1152 2852">
     <span class='ocr_line' id='line_1_7' title="bbox 64 1427 1152 1519; baseline 0.001 -23"><span class='ocrx_word' id='word_1_48' title='bbox 64 1427 178 1498; x_wconf 63' lang='lat' dir='ltr'><strong>dez:</strong></span> <span class='ocrx_word' id='word_1_49' title='bbox 198 1460 267 1519; x_wconf 90' lang='lat' dir='ltr'><strong>ergo</strong></span> <span class='ocrx_word' id='word_1_50' title='bbox 286 1441 439 1517; x_wconf 87' lang='lat' dir='ltr'><strong>proportio</strong></span> <span class='ocrx_word' id='word_1_51' title='bbox 457 1439 601 1517; x_wconf 83' lang='lat' dir='ltr'><strong>trianguli</strong></span> <span class='ocrx_word' id='word_1_52' title='bbox 619 1433 688 1514; x_wconf 64' lang='lat' dir='ltr'><strong>&#39;abo</strong></span> <span class='ocrx_word' id='word_1_53' title='bbox 707 1440 745 1498; x_wconf 86' lang='lat' dir='ltr'><strong>ad</strong></span> <span class='ocrx_word' id='word_1_54' title='bbox 764 1441 836 1498; x_wconf 89' lang='lat' dir='ltr'><strong>duos</strong></span> <span class='ocrx_word' id='word_1_55' title='bbox 855 1441 1021 1519; x_wconf 88' lang='lat' dir='ltr'><strong>triangulos</strong></span> <span class='ocrx_word' id='word_1_56' title='bbox 1039 1445 1113 1518; x_wconf 78' lang='lat' dir='ltr'><strong>oble,</strong></span> <span class='ocrx_word' id='word_1_57' title='bbox 1140 1457 1152 1497; x_wconf 82' lang='lat'><strong>5</strong></span> 
     </span>
     <span class='ocr_line' id='line_1_8' title="bbox 65 1515 1113 1608; baseline 0.006 -24"><span class='ocrx_word' id='word_1_58' title='bbox 65 1515 168 1584; x_wconf 57' lang='lat' dir='ltr'><strong>dez</strong></span> <span class='ocrx_word' id='word_1_59' title='bbox 192 1534 234 1589; x_wconf 86' lang='lat' dir='ltr'><strong>est</strong></span> <span class='ocrx_word' id='word_1_60' title='bbox 261 1549 334 1605; x_wconf 90' lang='lat' dir='ltr'><strong>una,</strong></span> <span class='ocrx_word' id='word_1_61' title='bbox 362 1547 432 1607; x_wconf 91' lang='lat' dir='ltr'><strong>ergo</strong></span> <span class='ocrx_word' id='word_1_62' title='bbox 458 1529 516 1588; x_wconf 85' lang='lat' dir='ltr'><strong>duo</strong></span> <span class='ocrx_word' id='word_1_63' title='bbox 539 1529 683 1606; x_wconf 73' lang='lat' dir='ltr'><strong>trianguli</strong></span> <span class='ocrx_word' id='word_1_64' title='bbox 706 1530 784 1604; x_wconf 76' lang='lat' dir='ltr'><strong>obli,</strong></span> <span class='ocrx_word' id='word_1_65' title='bbox 811 1532 871 1589; x_wconf 73' lang='lat' dir='ltr'><strong>dea</strong></span> <span class='ocrx_word' id='word_1_66' title='bbox 893 1535 962 1589; x_wconf 89' lang='lat' dir='ltr'><strong>sunt</strong></span> <span class='ocrx_word' id='word_1_67' title='bbox 984 1533 1113 1608; x_wconf 87' lang='lat' dir='ltr'><strong>equales.</strong></span> 
     </span>
     <span class='ocr_line' id='line_1_9' title="bbox 67 1599 1113 1696; baseline 0.007 -23"><span class='ocrx_word' id='word_1_68' title='bbox 67 1599 169 1673; x_wconf 68' lang='lat' dir='ltr'><strong>Sed</strong></span> <span class='ocrx_word' id='word_1_69' title='bbox 187 1619 217 1677; x_wconf 92' lang='lat' dir='ltr'><strong>in</strong></span> <span class='ocrx_word' id='word_1_70' title='bbox 238 1638 298 1677; x_wconf 91' lang='lat' dir='ltr'><strong>uno</strong></span> <span class='ocrx_word' id='word_1_71' title='bbox 322 1636 423 1677; x_wconf 88' lang='lat' dir='ltr'><strong>eorum</strong></span> <span class='ocrx_word' id='word_1_72' title='bbox 446 1620 491 1676; x_wconf 86' lang='lat' dir='ltr'><strong>est</strong></span> <span class='ocrx_word' id='word_1_73' title='bbox 514 1618 640 1695; x_wconf 90' lang='lat' dir='ltr'><strong>angulus</strong></span> <span class='ocrx_word' id='word_1_74' title='bbox 664 1619 777 1693; x_wconf 83' lang='lat' dir='ltr'><strong>equalis</strong></span> <span class='ocrx_word' id='word_1_75' title='bbox 800 1618 919 1695; x_wconf 87' lang='lat' dir='ltr'><strong>angulo,</strong></span> <span class='ocrx_word' id='word_1_76' title='bbox 942 1623 993 1696; x_wconf 91' lang='lat' dir='ltr'><strong>qui</strong></span> <span class='ocrx_word' id='word_1_77' title='bbox 1017 1623 1113 1679; x_wconf 89' lang='lat' dir='ltr'><strong>estin</strong></span> 
     </span>
     <span class='ocr_line' id='line_1_10' title="bbox 64 1689 1113 1785; baseline 0.007 -23"><span class='ocrx_word' id='word_1_78' title='bbox 64 1689 212 1782; x_wconf 63' lang='lat' dir='ltr'><strong>aHiero,</strong></span> <span class='ocrx_word' id='word_1_79' title='bbox 238 1710 291 1784; x_wconf 91' lang='lat' dir='ltr'><strong>qui</strong></span> <span class='ocrx_word' id='word_1_80' title='bbox 317 1710 387 1766; x_wconf 89' lang='lat' dir='ltr'><strong>snut</strong></span> <span class='ocrx_word' id='word_1_81' title='bbox 414 1707 472 1764; x_wconf 86' lang='lat' dir='ltr'><strong>duo</strong></span> <span class='ocrx_word' id='word_1_82' title='bbox 500 1708 602 1784; x_wconf 87' lang='lat' dir='ltr'><strong>anguli</strong></span> <span class='ocrx_word' id='word_1_83' title='bbox 631 1709 646 1765; x_wconf 84' lang='lat' dir='ltr'><em>b</em></span> <span class='ocrx_word' id='word_1_84' title='bbox 675 1709 705 1764; x_wconf 87' lang='lat' dir='ltr'><strong>et</strong></span> <span class='ocrx_word' id='word_1_85' title='bbox 732 1725 759 1781; x_wconf 89' lang='lat' dir='ltr'><strong>e,</strong></span> <span class='ocrx_word' id='word_1_86' title='bbox 786 1708 881 1765; x_wconf 89' lang='lat' dir='ltr'><strong>latera</strong></span> <span class='ocrx_word' id='word_1_87' title='bbox 905 1728 1020 1785; x_wconf 91' lang='lat' dir='ltr'><strong>quoque</strong></span> <span class='ocrx_word' id='word_1_88' title='bbox 1044 1714 1113 1769; x_wconf 90' lang='lat' dir='ltr'><strong>sunt</strong></span> 
     </span>
     <span class='ocr_line' id='line_1_11' title="bbox 63 1778 1112 1875; baseline 0.009 -26"><span class='ocrx_word' id='word_1_89' title='bbox 63 1778 264 1871; x_wconf 66' lang='lat' dir='ltr'><strong>alternata,</strong></span> <span class='ocrx_word' id='word_1_90' title='bbox 291 1798 481 1872; x_wconf 86' lang='lat' dir='ltr'><strong>proportione</strong></span> <span class='ocrx_word' id='word_1_91' title='bbox 505 1797 546 1854; x_wconf 84' lang='lat' dir='ltr'><strong>ot</strong></span> <span class='ocrx_word' id='word_1_92' title='bbox 572 1796 610 1853; x_wconf 88' lang='lat' dir='ltr'><strong>ad</strong></span> <span class='ocrx_word' id='word_1_93' title='bbox 633 1797 672 1854; x_wconf 81' lang='lat' dir='ltr'><strong>de</strong></span> <span class='ocrx_word' id='word_1_94' title='bbox 695 1797 838 1854; x_wconf 84' lang='lat' dir='ltr'><strong>existente</strong></span> <span class='ocrx_word' id='word_1_95' title='bbox 861 1798 936 1855; x_wconf 86' lang='lat' dir='ltr'><strong>siout</strong></span> <span class='ocrx_word' id='word_1_96' title='bbox 958 1801 1112 1875; x_wconf 84' lang='lat' dir='ltr'><strong>proportio</strong></span> 
     </span>
     <span class='ocr_line' id='line_1_12' title="bbox 63 1880 1152 1963; baseline 0.006 -23"><span class='ocrx_word' id='word_1_97' title='bbox 63 1880 130 1926; x_wconf 74' lang='lat' dir='ltr'><strong>ez</strong></span> <span class='ocrx_word' id='word_1_98' title='bbox 172 1885 206 1942; x_wconf 83' lang='lat' dir='ltr'><strong>ad</strong></span> <span class='ocrx_word' id='word_1_99' title='bbox 233 1887 286 1960; x_wconf 64' lang='lat' dir='ltr'><strong>oi„</strong></span> <span class='ocrx_word' id='word_1_100' title='bbox 314 1888 343 1943; x_wconf 86' lang='lat' dir='ltr'><strong>et</strong></span> <span class='ocrx_word' id='word_1_101' title='bbox 369 1885 522 1960; x_wconf 91' lang='lat' dir='ltr'><strong>proportio</strong></span> <span class='ocrx_word' id='word_1_102' title='bbox 549 1902 583 1944; x_wconf 76' lang='lat' dir='ltr'><strong>ea</strong></span> <span class='ocrx_word' id='word_1_103' title='bbox 606 1884 644 1942; x_wconf 88' lang='lat' dir='ltr'><strong>ad</strong></span> <span class='ocrx_word' id='word_1_104' title='bbox 667 1885 707 1942; x_wconf 80' lang='lat' dir='ltr'><strong>bl</strong></span> <span class='ocrx_word' id='word_1_105' title='bbox 730 1887 775 1943; x_wconf 90' lang='lat' dir='ltr'><strong>est</strong></span> <span class='ocrx_word' id='word_1_106' title='bbox 798 1886 874 1943; x_wconf 88' lang='lat' dir='ltr'><strong>sieut</strong></span> <span class='ocrx_word' id='word_1_107' title='bbox 895 1889 1049 1962; x_wconf 90' lang='lat' dir='ltr'><strong>proportio</strong></span> <span class='ocrx_word' id='word_1_108' title='bbox 1073 1891 1112 1963; x_wconf 76' lang='lat' dir='ltr'><strong>bg</strong></span> <span class='ocrx_word' id='word_1_109' title='bbox 1127 1903 1152 1940; x_wconf 86' lang='lat'><strong>10</strong></span> 
     </span>
     <span class='ocr_line' id='line_1_13' title="bbox 61 1955 1113 2052; baseline 0.005 -21"><span class='ocrx_word' id='word_1_110' title='bbox 61 1955 132 2018; x_wconf 72' lang='lat' dir='ltr'><strong>ad</strong></span> <span class='ocrx_word' id='word_1_111' title='bbox 172 1990 214 2048; x_wconf 77' lang='lat' dir='ltr'><strong>ea,</strong></span> <span class='ocrx_word' id='word_1_112' title='bbox 242 1993 312 2051; x_wconf 85' lang='lat' dir='ltr'><strong>ergo</strong></span> <span class='ocrx_word' id='word_1_113' title='bbox 339 1974 492 2049; x_wconf 84' lang='lat' dir='ltr'><strong>proportio</strong></span> <span class='ocrx_word' id='word_1_114' title='bbox 520 1975 560 2032; x_wconf 84' lang='lat' dir='ltr'><strong>ob</strong></span> <span class='ocrx_word' id='word_1_115' title='bbox 590 1974 628 2030; x_wconf 85' lang='lat' dir='ltr'><strong>ad</strong></span> <span class='ocrx_word' id='word_1_116' title='bbox 655 1975 695 2032; x_wconf 83' lang='lat' dir='ltr'><strong>ele</strong></span> <span class='ocrx_word' id='word_1_117' title='bbox 722 1975 768 2031; x_wconf 87' lang='lat' dir='ltr'><strong>est</strong></span> <span class='ocrx_word' id='word_1_118' title='bbox 794 1975 871 2032; x_wconf 86' lang='lat' dir='ltr'><strong>sieut</strong></span> <span class='ocrx_word' id='word_1_119' title='bbox 897 1979 1050 2050; x_wconf 88' lang='lat' dir='ltr'><strong>proportio</strong></span> <span class='ocrx_word' id='word_1_120' title='bbox 1075 1979 1113 2052; x_wconf 75' lang='lat' dir='ltr'><strong>bg</strong></span> 
     </span>
     <span class='ocr_line' id='line_1_14' title="bbox 61 2044 1112 2140; baseline 0.003 -21"><span class='ocrx_word' id='word_1_121' title='bbox 61 2044 136 2107; x_wconf 61' lang='lat'><strong>³¹¹1</strong></span> <span class='ocrx_word' id='word_1_122' title='bbox 170 2079 207 2121; x_wconf 80' lang='lat' dir='ltr'><strong>ea.</strong></span> <span class='ocrx_word' id='word_1_123' title='bbox 252 2062 310 2121; x_wconf 81' lang='lat' dir='ltr'><strong>Sed</strong></span> <span class='ocrx_word' id='word_1_124' title='bbox 338 2063 441 2140; x_wconf 87' lang='lat' dir='ltr'><strong>anguli</strong></span> <span class='ocrx_word' id='word_1_125' title='bbox 468 2064 484 2121; x_wconf 83' lang='lat' dir='ltr'><strong><em>b</em></strong></span> <span class='ocrx_word' id='word_1_126' title='bbox 513 2065 542 2119; x_wconf 87' lang='lat' dir='ltr'><strong>et</strong></span> <span class='ocrx_word' id='word_1_127' title='bbox 571 2065 676 2121; x_wconf 88' lang='lat' dir='ltr'><strong>esunt</strong></span> <span class='ocrx_word' id='word_1_128' title='bbox 699 2063 830 2138; x_wconf 87' lang='lat' dir='ltr'><strong>equales:</strong></span> <span class='ocrx_word' id='word_1_129' title='bbox 859 2081 929 2139; x_wconf 88' lang='lat' dir='ltr'><strong>ergo</strong></span> <span class='ocrx_word' id='word_1_130' title='bbox 953 2066 1112 2123; x_wconf 89' lang='lat' dir='ltr'><strong>seeundum</strong></span> 
     </span>
     <span class='ocr_line' id='line_1_15' title="bbox 59 2143 1112 2229; baseline 0.009 -25"><span class='ocrx_word' id='word_1_131' title='bbox 59 2143 307 2227; x_wconf 53' lang='lat' dir='ltr'><strong>PFQbationem</strong></span> <span class='ocrx_word' id='word_1_132' title='bbox 329 2151 423 2229; x_wconf 87' lang='lat' dir='ltr'><strong>figure</strong></span> <span class='ocrx_word' id='word_1_133' title='bbox 446 2153 527 2209; x_wconf 84' lang='lat' dir='ltr'><strong>sexte</strong></span> <span class='ocrx_word' id='word_1_134' title='bbox 549 2151 637 2209; x_wconf 91' lang='lat' dir='ltr'><strong>huius</strong></span> <span class='ocrx_word' id='word_1_135' title='bbox 660 2152 754 2226; x_wconf 86' lang='lat' dir='ltr'><strong>partis</strong></span> <span class='ocrx_word' id='word_1_136' title='bbox 778 2151 834 2208; x_wconf 88' lang='lat' dir='ltr'><strong>erit</strong></span> <span class='ocrx_word' id='word_1_137' title='bbox 856 2151 1024 2229; x_wconf 90' lang='lat' dir='ltr'><strong>triangulus</strong></span> <span class='ocrx_word' id='word_1_138' title='bbox 1047 2156 1112 2227; x_wconf 68' lang='lat' dir='ltr'><strong>abo</strong></span> 
     </span>
     <span class='ocr_line' id='line_1_16' title="bbox 60 2228 1110 2317; baseline 0.006 -24"><span class='ocrx_word' id='word_1_139' title='bbox 60 2228 208 2298; x_wconf 64' lang='lat' dir='ltr'><strong>Slhilis</strong></span> <span class='ocrx_word' id='word_1_140' title='bbox 244 2241 395 2317; x_wconf 88' lang='lat' dir='ltr'><strong>triangulo</strong></span> <span class='ocrx_word' id='word_1_141' title='bbox 428 2241 499 2314; x_wconf 53' lang='lat' dir='ltr'><strong>dea</strong></span> <span class='ocrx_word' id='word_1_142' title='bbox 537 2243 581 2297; x_wconf 66' lang='lat' dir='ltr'><strong>et⁴</strong></span> <span class='ocrx_word' id='word_1_143' title='bbox 597 2240 673 2297; x_wconf 87' lang='lat' dir='ltr'><strong>illud</strong></span> <span class='ocrx_word' id='word_1_144' title='bbox 704 2242 762 2313; x_wconf 86' lang='lat' dir='ltr'><strong>est,</strong></span> <span class='ocrx_word' id='word_1_145' title='bbox 800 2241 878 2314; x_wconf 85' lang='lat' dir='ltr'><strong>quod</strong></span> <span class='ocrx_word' id='word_1_146' title='bbox 911 2240 1110 2300; x_wconf 87' lang='lat' dir='ltr'><strong>demonstrare</strong></span> 
     </span>
     <span class='ocr_line' id='line_1_17' title="bbox 59 2317 1149 2387; baseline 0 -5"><span class='ocrx_word' id='word_1_147' title='bbox 59 2317 256 2387; x_wconf 62' lang='lat' dir='ltr'><strong>Volumus.</strong></span> <span class='ocrx_word' id='word_1_148' title='bbox 1124 2344 1149 2383; x_wconf 87' lang='lat'><strong>15</strong></span> 
     </span>
     <span class='ocr_line' id='line_1_18' title="bbox 190 2410 1111 2494; baseline 0.003 -20"><span class='ocrx_word' id='word_1_149' title='bbox 190 2417 238 2475; x_wconf 89' lang='lat' dir='ltr'><strong>De</strong></span> <span class='ocrx_word' id='word_1_150' title='bbox 260 2417 381 2494; x_wconf 86' lang='lat' dir='ltr'><strong>figura</strong></span> <span class='ocrx_word' id='word_1_151' title='bbox 404 2410 675 2494; x_wconf 84' lang='lat' dir='ltr'><strong>nonadecima.¹)</strong></span> <span class='ocrx_word' id='word_1_152' title='bbox 722 2415 890 2476; x_wconf 78' lang='lat' dir='ltr'><strong>Secundum</strong></span> <span class='ocrx_word' id='word_1_153' title='bbox 916 2418 1111 2477; x_wconf 87' lang='lat' dir='ltr'><strong>intentionem</strong></span> 
     </span>
     <span class='ocr_line' id='line_1_19' title="bbox 62 2492 1109 2583; baseline 0.006 -23"><span class='ocrx_word' id='word_1_154' title='bbox 62 2492 173 2562; x_wconf 58' lang='lat' dir='ltr'><strong>VQro</strong></span> <span class='ocrx_word' id='word_1_155' title='bbox 194 2507 344 2566; x_wconf 78' lang='lat' dir='ltr'><strong>Eucmms</strong></span> <span class='ocrx_word' id='word_1_156' title='bbox 369 2526 403 2563; x_wconf 83' lang='lat' dir='ltr'><strong>ex</strong></span> <span class='ocrx_word' id='word_1_157' title='bbox 425 2506 493 2580; x_wconf 83' lang='lat' dir='ltr'><strong>hoo,</strong></span> <span class='ocrx_word' id='word_1_158' title='bbox 523 2507 602 2581; x_wconf 84' lang='lat' dir='ltr'><strong>quod</strong></span> <span class='ocrx_word' id='word_1_159' title='bbox 628 2506 688 2563; x_wconf 88' lang='lat' dir='ltr'><strong>fuit</strong></span> <span class='ocrx_word' id='word_1_160' title='bbox 711 2506 742 2563; x_wconf 91' lang='lat' dir='ltr'><strong>in</strong></span> <span class='ocrx_word' id='word_1_161' title='bbox 764 2506 935 2583; x_wconf 83' lang='lat' dir='ltr'><strong>triangulis,</strong></span> <span class='ocrx_word' id='word_1_162' title='bbox 964 2508 1016 2582; x_wconf 90' lang='lat' dir='ltr'><strong>qui</strong></span> <span class='ocrx_word' id='word_1_163' title='bbox 1043 2528 1109 2583; x_wconf 87' lang='lat' dir='ltr'><strong>pro-</strong></span> 
     </span>
     <span class='ocr_line' id='line_1_20' title="bbox 63 2580 1110 2671; baseline 0.005 -20"><span class='ocrx_word' id='word_1_164' title='bbox 63 2580 224 2661; x_wconf 46' lang='lat' dir='ltr'><strong>Yssniunt</strong></span> <span class='ocrx_word' id='word_1_165' title='bbox 246 2594 406 2654; x_wconf 84' lang='lat' dir='ltr'><strong>seeundum</strong></span> <span class='ocrx_word' id='word_1_166' title='bbox 424 2595 591 2670; x_wconf 81' lang='lat' dir='ltr'><strong>sectionem,</strong></span> <span class='ocrx_word' id='word_1_167' title='bbox 615 2594 773 2670; x_wconf 78' lang='lat' dir='ltr'><strong>sicutipse</strong></span> <span class='ocrx_word' id='word_1_168' title='bbox 792 2594 938 2671; x_wconf 76' lang='lat' dir='ltr'><strong>probavit,</strong></span> <span class='ocrx_word' id='word_1_169' title='bbox 963 2597 1043 2671; x_wconf 88' lang='lat' dir='ltr'><strong>quod</strong></span> <span class='ocrx_word' id='word_1_170' title='bbox 1066 2601 1110 2656; x_wconf 88' lang='lat' dir='ltr'><strong>est</strong></span> 
     </span>
     <span class='ocr_line' id='line_1_21' title="bbox 68 2669 1110 2760; baseline 0.005 -22"><span class='ocrx_word' id='word_1_171' title='bbox 68 2669 178 2759; x_wconf 57' lang='lat' dir='ltr'><strong>11lde,</strong></span> <span class='ocrx_word' id='word_1_172' title='bbox 201 2684 341 2759; x_wconf 91' lang='lat' dir='ltr'><strong>qnoniam</strong></span> <span class='ocrx_word' id='word_1_173' title='bbox 359 2684 507 2758; x_wconf 83' lang='lat' dir='ltr'><strong>protraxit</strong></span> <span class='ocrx_word' id='word_1_174' title='bbox 524 2684 627 2758; x_wconf 82' lang='lat' dir='ltr'><strong>lineas,</strong></span> <span class='ocrx_word' id='word_1_175' title='bbox 646 2687 691 2741; x_wconf 91' lang='lat' dir='ltr'><strong>est</strong></span> <span class='ocrx_word' id='word_1_176' title='bbox 708 2684 771 2758; x_wconf 72' lang='lat' dir='ltr'><strong>hoe,</strong></span> <span class='ocrx_word' id='word_1_177' title='bbox 792 2684 871 2758; x_wconf 89' lang='lat' dir='ltr'><strong>quod</strong></span> <span class='ocrx_word' id='word_1_178' title='bbox 891 2686 1033 2760; x_wconf 87' lang='lat' dir='ltr'><strong>sequitur.</strong></span> <span class='ocrx_word' id='word_1_179' title='bbox 1070 2687 1110 2743; x_wconf 82' lang='lat' dir='ltr'><strong>Et</strong></span> 
     </span>
     <span class='ocr_line' id='line_1_22' title="bbox 74 2761 1150 2852; baseline 0.005 -24"><span class='ocrx_word' id='word_1_180' title='bbox 74 2761 173 2829; x_wconf 65' lang='lat' dir='ltr'><strong>quia</strong></span> <span class='ocrx_word' id='word_1_181' title='bbox 198 2774 257 2831; x_wconf 86' lang='lat' dir='ltr'><strong>due</strong></span> <span class='ocrx_word' id='word_1_182' title='bbox 285 2772 452 2848; x_wconf 79' lang='lat' dir='ltr'><strong>superficies</strong></span> <span class='ocrx_word' id='word_1_183' title='bbox 476 2774 584 2846; x_wconf 75' lang='lat' dir='ltr'><strong>abydo</strong></span> <span class='ocrx_word' id='word_1_184' title='bbox 611 2776 641 2830; x_wconf 90' lang='lat' dir='ltr'><strong>et</strong></span> <span class='ocrx_word' id='word_1_185' title='bbox 667 2773 760 2831; x_wconf 76' lang='lat' dir='ltr'><strong>eltlll</strong></span> <span class='ocrx_word' id='word_1_186' title='bbox 788 2776 858 2830; x_wconf 90' lang='lat' dir='ltr'><strong>sunt</strong></span> <span class='ocrx_word' id='word_1_187' title='bbox 886 2773 1008 2850; x_wconf 72' lang='lat' dir='ltr'><strong>simileS,</strong></span> <span class='ocrx_word' id='word_1_188' title='bbox 1038 2795 1108 2852; x_wconf 88' lang='lat' dir='ltr'><strong>ergo</strong></span> <span class='ocrx_word' id='word_1_189' title='bbox 1124 2788 1150 2825; x_wconf 72' lang='lat'><strong>20</strong></span> 
     </span>
    </p>
   </div>
   <div class='ocr_carea' id='block_1_5' title="bbox 79 2851 1110 2938">
    <p class='ocr_par' dir='ltr' id='par_1_5' title="bbox 79 2851 1110 2938">
     <span class='ocr_line' id='line_1_23' title="bbox 79 2851 1110 2938; baseline 0.004 -22"><span class='ocrx_word' id='word_1_190' title='bbox 79 2851 229 2938; x_wconf 50' lang='lat' dir='ltr'><strong>3⁴ugulini</strong></span> <span class='ocrx_word' id='word_1_191' title='bbox 243 2863 307 2935; x_wconf 71' lang='lat' dir='ltr'><strong>obp</strong></span> <span class='ocrx_word' id='word_1_192' title='bbox 321 2864 366 2919; x_wconf 90' lang='lat' dir='ltr'><strong>est</strong></span> <span class='ocrx_word' id='word_1_193' title='bbox 385 2861 499 2936; x_wconf 85' lang='lat' dir='ltr'><strong>equalis</strong></span> <span class='ocrx_word' id='word_1_194' title='bbox 519 2861 630 2938; x_wconf 88' lang='lat' dir='ltr'><strong>angulo</strong></span> <span class='ocrx_word' id='word_1_195' title='bbox 648 2862 709 2935; x_wconf 73' lang='lat' dir='ltr'><strong>alt,</strong></span> <span class='ocrx_word' id='word_1_196' title='bbox 734 2864 764 2918; x_wconf 86' lang='lat' dir='ltr'><strong>et</strong></span> <span class='ocrx_word' id='word_1_197' title='bbox 786 2862 940 2936; x_wconf 87' lang='lat' dir='ltr'><strong>proportio</strong></span> <span class='ocrx_word' id='word_1_198' title='bbox 960 2865 1001 2921; x_wconf 82' lang='lat' dir='ltr'><strong>ab</strong></span> <span class='ocrx_word' id='word_1_199' title='bbox 1021 2863 1058 2920; x_wconf 87' lang='lat' dir='ltr'><strong>ad</strong></span> <span class='ocrx_word' id='word_1_200' title='bbox 1071 2865 1110 2922; x_wconf 73' lang='lat' dir='ltr'><strong>rii</strong></span> 
     </span>
    </p>
   </div>
   <div class='ocr_carea' id='block_1_6' title="bbox 95 2953 285 2982">
    <p class='ocr_par' dir='ltr' id='par_1_6' title="bbox 95 2953 285 2982">
     <span class='ocr_line' id='line_1_24' title="bbox 95 2953 285 2982; baseline 0.005 -2"><span class='ocrx_word' id='word_1_201' title='bbox 95 2953 285 2982; x_wconf 24' lang='lat' dir='ltr'><strong>Q-</strong></span> 
     </span>
    </p>
   </div>
   <div class='ocr_carea' id='block_1_7' title="bbox 10 3030 1116 3604">
    <p class='ocr_par' dir='ltr' id='par_1_7' title="bbox 10 3030 842 3113">
     <span class='ocr_line' id='line_1_25' title="bbox 10 3030 842 3113; baseline -0.001 -28"><span class='ocrx_word' id='word_1_202' title='bbox 10 3090 16 3113; x_wconf 32' lang='grc' dir='ltr'><strong>λ,</strong></span> <span class='ocrx_word' id='word_1_203' title='bbox 169 3037 193 3085; x_wconf 79' lang='grc'><strong>6.</strong></span> <span class='ocrx_word' id='word_1_204' title='bbox 216 3030 330 3098; x_wconf 84' lang='lat' dir='ltr'><strong>equales</strong></span> <span class='ocrx_word' id='word_1_205' title='bbox 349 3031 470 3085; x_wconf 79' lang='lat' dir='ltr'><strong>iteretur.</strong></span> <span class='ocrx_word' id='word_1_206' title='bbox 491 3062 524 3068; x_wconf 95' lang='lat'><em>-</em></span> <span class='ocrx_word' id='word_1_207' title='bbox 545 3037 586 3084; x_wconf 79' lang='lat'><strong>21.</strong></span> <span class='ocrx_word' id='word_1_208' title='bbox 606 3046 671 3098; x_wconf 87' lang='lat' dir='ltr'><strong>ergo</strong></span> <span class='ocrx_word' id='word_1_209' title='bbox 690 3030 842 3099; x_wconf 90' lang='lat' dir='ltr'><strong>proportio.</strong></span> 
     </span>
    </p>

    <p class='ocr_par' dir='ltr' id='par_1_8' title="bbox 12 3189 1109 3259">
     <span class='ocr_line' id='line_1_26' title="bbox 12 3189 1109 3259; baseline 0 -15"><span class='ocrx_word' id='word_1_210' title='bbox 12 3200 27 3255; x_wconf 58' lang='grc' dir='ltr'><strong>,ἐ</strong></span> <span class='ocrx_word' id='word_1_211' title='bbox 169 3193 194 3259; x_wconf 90' lang='grc'><strong>1)</strong></span> <span class='ocrx_word' id='word_1_212' title='bbox 223 3191 359 3244; x_wconf 79' lang='lat' dir='ltr'><strong>Encumus</strong></span> <span class='ocrx_word' id='word_1_213' title='bbox 382 3189 434 3256; x_wconf 83' lang='lat' dir='ltr'><strong>VI,</strong></span> <span class='ocrx_word' id='word_1_214' title='bbox 460 3195 505 3243; x_wconf 79' lang='lat'><strong>19:</strong></span> <span class='ocrx_word' id='word_1_215' title='bbox 543 3189 593 3243; x_wconf 83' lang='lat' dir='ltr'><strong>Est</strong></span> <span class='ocrx_word' id='word_1_216' title='bbox 620 3189 774 3259; x_wconf 87' lang='lat' dir='ltr'><strong>propositio</strong></span> <span class='ocrx_word' id='word_1_217' title='bbox 799 3190 850 3258; x_wconf 82' lang='lat' dir='ltr'><strong>VI,</strong></span> <span class='ocrx_word' id='word_1_218' title='bbox 872 3196 904 3245; x_wconf 86' lang='lat'><strong>18</strong></span> <span class='ocrx_word' id='word_1_219' title='bbox 933 3190 1051 3243; x_wconf 72' lang='lat' dir='ltr'><strong>Caurum</strong></span> <span class='ocrx_word' id='word_1_220' title='bbox 1080 3195 1109 3244; x_wconf 89' lang='lat' dir='ltr'><strong>et</strong></span> 
     </span>
    </p>

    <p class='ocr_par' dir='ltr' id='par_1_9' title="bbox 10 3253 1109 3332">
     <span class='ocr_line' id='line_1_27' title="bbox 10 3253 1109 3332; baseline 0.002 -18"><span class='ocrx_word' id='word_1_221' title='bbox 10 3281 25 3323; x_wconf 65' lang='lat' dir='ltr'><strong>a</strong></span> <span class='ocrx_word' id='word_1_222' title='bbox 105 3253 144 3329; x_wconf 74' lang='lat' dir='ltr'><strong>VJ,</strong></span> <span class='ocrx_word' id='word_1_223' title='bbox 155 3267 190 3315; x_wconf 78' lang='lat'><strong>20</strong></span> <span class='ocrx_word' id='word_1_224' title='bbox 203 3261 364 3315; x_wconf 74' lang='lat' dir='ltr'><strong>Humanam</strong></span> <span class='ocrx_word' id='word_1_225' title='bbox 386 3260 482 3314; x_wconf 75' lang='lat' dir='ltr'><strong>Omnes</strong></span> <span class='ocrx_word' id='word_1_226' title='bbox 500 3261 553 3315; x_wconf 79' lang='lat' dir='ltr'><strong>dae</strong></span> <span class='ocrx_word' id='word_1_227' title='bbox 570 3263 723 3330; x_wconf 71' lang='lat' dir='ltr'><strong>superficies</strong></span> <span class='ocrx_word' id='word_1_228' title='bbox 740 3263 841 3315; x_wconf 78' lang='lat' dir='ltr'><strong>similes</strong></span> <span class='ocrx_word' id='word_1_229' title='bbox 860 3263 1026 3332; x_wconf 74' lang='lat' dir='ltr'><strong>inieltoilgele</strong></span> <span class='ocrx_word' id='word_1_230' title='bbox 1045 3270 1109 3316; x_wconf 78' lang='lat' dir='ltr'><strong>sant</strong></span> 
     </span>
    </p>

    <p class='ocr_par' dir='ltr' id='par_1_10' title="bbox 10 3332 1109 3402">
     <span class='ocr_line' id='line_1_28' title="bbox 10 3332 1109 3402; baseline 0.001 -16"><span class='ocrx_word' id='word_1_231' title='bbox 10 3347 23 3386; x_wconf 75' lang='lat' dir='ltr'><strong>e</strong></span> <span class='ocrx_word' id='word_1_232' title='bbox 106 3333 247 3388; x_wconf 67' lang='lat' dir='ltr'><strong>divisibiles</strong></span> <span class='ocrx_word' id='word_1_233' title='bbox 273 3335 306 3386; x_wconf 78' lang='lat' dir='ltr'><strong>iia</strong></span> <span class='ocrx_word' id='word_1_234' title='bbox 327 3332 480 3402; x_wconf 76' lang='lat' dir='ltr'><strong>triangulos</strong></span> <span class='ocrx_word' id='word_1_235' title='bbox 507 3333 607 3386; x_wconf 82' lang='lat' dir='ltr'><strong>similes</strong></span> <span class='ocrx_word' id='word_1_236' title='bbox 630 3340 709 3401; x_wconf 77' lang='lat' dir='ltr'><strong>alque</strong></span> <span class='ocrx_word' id='word_1_237' title='bbox 731 3349 843 3386; x_wconf 77' lang='lat' dir='ltr'><strong>numero</strong></span> <span class='ocrx_word' id='word_1_238' title='bbox 870 3335 988 3400; x_wconf 77' lang='lat' dir='ltr'><strong>equales,</strong></span> <span class='ocrx_word' id='word_1_239' title='bbox 1021 3340 1109 3401; x_wconf 78' lang='lat' dir='ltr'><strong>estque</strong></span> 
     </span>
    </p>

    <p class='ocr_par' dir='ltr' id='par_1_11' title="bbox 10 3402 1108 3476">
     <span class='ocr_line' id='line_1_29' title="bbox 10 3402 1108 3476; baseline -0.003 -17"><span class='ocrx_word' id='word_1_240' title='bbox 10 3402 21 3449; x_wconf 65' lang='lat'><strong>13⁴</strong></span> <span class='ocrx_word' id='word_1_241' title='bbox 99 3405 237 3476; x_wconf 81' lang='lat' dir='ltr'><strong>proportio</strong></span> <span class='ocrx_word' id='word_1_242' title='bbox 261 3404 374 3458; x_wconf 82' lang='lat' dir='ltr'><strong>alterius</strong></span> <span class='ocrx_word' id='word_1_243' title='bbox 392 3420 485 3456; x_wconf 79' lang='lat' dir='ltr'><strong>earam</strong></span> <span class='ocrx_word' id='word_1_244' title='bbox 508 3405 545 3456; x_wconf 78' lang='lat' dir='ltr'><strong>od</strong></span> <span class='ocrx_word' id='word_1_245' title='bbox 564 3405 678 3458; x_wconf 81' lang='lat' dir='ltr'><strong>alteram</strong></span> <span class='ocrx_word' id='word_1_246' title='bbox 700 3405 770 3457; x_wconf 80' lang='lat' dir='ltr'><strong>sieut</strong></span> <span class='ocrx_word' id='word_1_247' title='bbox 788 3405 930 3458; x_wconf 76' lang='lat' dir='ltr'><strong>cuiuslibet</strong></span> <span class='ocrx_word' id='word_1_248' title='bbox 952 3405 1108 3457; x_wconf 78' lang='lat' dir='ltr'><strong>saltatoris</strong></span> 
     </span>
    </p>

    <p class='ocr_par' dir='ltr' id='par_1_12' title="bbox 10 3475 1116 3604">
     <span class='ocr_line' id='line_1_30' title="bbox 10 3475 1116 3544; baseline -0.011 -11"><span class='ocrx_word' id='word_1_249' title='bbox 10 3481 13 3501; x_wconf 72' lang='grc'><strong>”</strong></span> <span class='ocrx_word' id='word_1_250' title='bbox 98 3477 133 3533; x_wconf 84' lang='lat' dir='ltr'><strong>od</strong></span> <span class='ocrx_word' id='word_1_251' title='bbox 150 3493 233 3530; x_wconf 72' lang='lat' dir='ltr'><strong>mern</strong></span> <span class='ocrx_word' id='word_1_252' title='bbox 255 3475 400 3528; x_wconf 79' lang='lat' dir='ltr'><strong>relativum</strong></span> <span class='ocrx_word' id='word_1_253' title='bbox 424 3475 496 3528; x_wconf 81' lang='lat' dir='ltr'><strong>lalus</strong></span> <span class='ocrx_word' id='word_1_254' title='bbox 514 3475 627 3529; x_wconf 80' lang='lat' dir='ltr'><strong>alterius</strong></span> <span class='ocrx_word' id='word_1_255' title='bbox 642 3477 783 3544; x_wconf 84' lang='lat' dir='ltr'><strong>proportio</strong></span> <span class='ocrx_word' id='word_1_256' title='bbox 803 3475 958 3543; x_wconf 75' lang='lat' dir='ltr'><strong>duplieato.</strong></span> <span class='ocrx_word' id='word_1_257' title='bbox 988 3475 1116 3525; x_wconf 50' lang='lat' dir='ltr'><strong>hemun-</strong></span> 
     </span>
     <span class='ocr_line' id='line_1_31' title="bbox 97 3544 879 3604; baseline -0.005 -1"><span class='ocrx_word' id='word_1_258' title='bbox 97 3546 197 3603; x_wconf 82' lang='lat' dir='ltr'><strong>stratio</strong></span> <span class='ocrx_word' id='word_1_259' title='bbox 215 3547 342 3600; x_wconf 64' lang='lat' dir='ltr'><strong>Arnim</strong></span> <span class='ocrx_word' id='word_1_260' title='bbox 359 3544 472 3600; x_wconf 85' lang='lat' dir='ltr'><strong>omnino</strong></span> <span class='ocrx_word' id='word_1_261' title='bbox 492 3546 594 3602; x_wconf 85' lang='lat' dir='ltr'><strong>eadem</strong></span> <span class='ocrx_word' id='word_1_262' title='bbox 612 3551 658 3604; x_wconf 84' lang='lat' dir='ltr'><strong>est</strong></span> <span class='ocrx_word' id='word_1_263' title='bbox 677 3565 711 3603; x_wconf 78' lang='lat' dir='ltr'><strong>au</strong></span> <span class='ocrx_word' id='word_1_264' title='bbox 728 3548 879 3603; x_wconf 63' lang='lat' dir='ltr'><strong>luctans.</strong></span> 
     </span>
    </p>
   </div>
   <div class='ocr_carea' id='block_1_8' title="bbox 927 3632 985 3688">
    <p class='ocr_par' dir='ltr' id='par_1_13' title="bbox 927 3632 985 3688">
     <span class='ocr_line' id='line_1_32' title="bbox 927 3632 985 3688; baseline -0.034 0"><span class='ocrx_word' id='word_1_265' title='bbox 927 3632 985 3688; x_wconf 62' lang='lat' dir='ltr'><strong>iu*</strong></span> 
     </span>
    </p>
   </div>
   <div class='ocr_carea' id='block_1_9' title="bbox 0 0 1174 3834">
    <p class='ocr_par' dir='ltr' id='par_1_14' title="bbox 0 0 1174 3834">
     <span class='ocr_line' id='line_1_33' title="bbox 0 0 1174 3834; baseline 0 7"><span class='ocrx_word' id='word_1_266' title='bbox 0 0 1174 3834; x_wconf 95' lang='lat' dir='ltr'><strong> </strong></span> 
     </span>
    </p>
   </div>
  </div>
 </body>
</html>
