2340 3834
368 177 418 231 AD
436 176 621 232 EUCLIDEM
638 175 704 230 LIB.
719 176 751 232 X.
995 174 1060 240 345

54 345 114 404 eius
138 363 229 420 supra
251 348 307 421 20,
334 345 413 422 quod
435 350 481 406 cst
505 347 559 418 16,
583 344 666 404 cuius
687 344 817 403 radicem
840 343 947 402 addam
971 362 1060 419 supra

55 452 117 511 sex,
141 436 172 492 et
194 437 281 493 erunt
306 438 360 509 105
383 439 413 494 ct
436 453 584 494 assumam
606 433 797 492 medictatem
819 433 912 511 illius,
937 453 993 509 que
1016 436 1061 492 cst

56 524 87 598 5,
115 543 172 598 que
200 527 246 583 est
268 543 328 582 una
351 523 527 599 sectionum,
555 526 585 582 et
607 523 698 582 sectio
722 523 816 581 altera
840 525 885 582 est
910 514 969 603 LI)
1015 521 1061 580 Sit

56 611 163 688 itaque,
187 613 270 672 acsi
293 615 370 672 esset
393 613 488 673 divisa
511 630 601 688 supra
624 629 652 687 s,
677 615 706 671 et
728 631 781 671 nos
805 611 924 686 quidem
947 611 1060 671 dehoc

54 1731 85 1789 in
111 1730 335 1808 precedentibus
362 1731 422 1789 iarn
444 1731 567 1790 fecimus
590 1731 820 1791 declarationem
843 1735 873 1790 et
896 1731 1062 1792 addidimus
1089 1744 1102 1785 a

55 1821 86 1878 in
112 1820 258 1896 principio
286 1820 451 1895 capitulum
474 1820 510 1877 de
533 1820 749 1895 superficiebus.
797 1821 880 1880 Tunc
902 1822 1063 1896 producam

54 1910 148 1968 lineas
171 1911 223 1985 ah,
250 1911 297 1984 dt,
321 1910 358 1968 elo
381 1908 594 1984 equidistantes
618 1910 668 1968 ab.
713 1909 780 1968 Erit
803 1928 872 1986 ergo
896 1911 1062 1986 superficies

55 2000 96 2057 alr
124 2000 178 2074 20,
207 2000 237 2056 et
259 1997 426 2073 superficies
448 2001 480 2056 at
502 1997 536 2073 4,
563 1999 593 2054 et
615 2017 791 2073 unaqueque
814 1998 940 2056 ducrum
962 2017 1062 2074 super-

53 2086 186 2145 ficierum
218 2092 260 2161 te,
292 2088 332 2160 lep
364 2089 409 2146 est
439 2084 524 2143 radix
552 2086 602 2143 80.
649 2086 835 2162 ,Unaqucquo
863 2105 990 2162 namque
1018 2091 1063 2145 est

53 2175 265 2251 multiplicatio
299 2176 353 2250 16,
385 2173 438 2250 qui
467 2175 512 2232 est
539 2173 717 2248 quadratum
745 2176 779 2248 4,
810 2174 842 2232 in
871 2175 899 2233 5.
948 2175 1063 2233 Ponam
1077 2189 1102 2228 10

55 2267 169 2340 autern,
196 2266 231 2322 ut
259 2263 437 2340 quadratum
460 2263 499 2322 cd
522 2261 561 2321 sit
584 2263 688 2337 equale
712 2263 876 2339 superficiei
898 2280 938 2322 aa
960 2263 992 2320 in
1014 2264 1063 2338 ad,

54 2356 84 2412 et
110 2371 221 2429 ponam
249 2353 426 2427 quadratum
452 2352 498 2410 ml
524 2351 629 2426 equale
657 2351 823 2427 superficiei
850 2352 905 2427 ct,
933 2354 963 2410 et
991 2370 1063 2426 qua-

54 2442 175 2500 dratum
202 2443 238 2500 la
265 2441 369 2516 equale
397 2439 560 2516 superficiei
582 2440 639 2514 hd,
666 2443 696 2499 et
719 2442 779 2499 sint
802 2441 939 2499 diametri
962 2457 1063 2498 eorum

55 2529 210 2589 coniuncte
230 2548 319 2605 supra
337 2530 413 2605 min,
437 2532 467 2588 et
485 2528 637 2604 complebo
656 2529 839 2604 superficiem
856 2549 918 2589 raa.
956 2528 1062 2605 Super·

54 2619 133 2678 ficies
161 2618 254 2696 igitur
280 2637 335 2676 mn
363 2620 407 2676 est
434 2618 601 2694 superficies
629 2619 788 2694 quadrata:
817 2639 885 2696 ergo
910 2617 1062 2694 proportio
1078 2632 1102 2672 1⁵

54 2725 103 2767 ms
130 2707 170 2766 ad
197 2725 235 2780 sq
262 2710 308 2766 est
335 2706 411 2765 sicut
437 2707 589 2783 proportio
617 2708 658 2780 qs
678 2707 716 2765 ad
737 2709 784 2780 fa.
831 2706 888 2766 Sed
910 2708 1063 2782 proportio

53 2815 102 2856 aas
135 2796 174 2854 ad
205 2813 243 2869 sq
274 2798 319 2854 ost
350 2797 427 2854 sicut
454 2794 608 2871 proportio
635 2794 801 2871 superficiei
826 2798 871 2854 sal
899 2796 937 2854 ad
963 2815 1063 2871 super-

54 2883 151 2944 ficiem
174 2886 214 2959 lq,
238 2887 269 2943 et
290 2884 443 2960 proportio
466 2886 506 2957 qf
519 2884 558 2942 ad
575 2886 615 2957 fa
634 2888 680 2945 est
698 2885 774 2943 sicut
792 2885 944 2960 proportio
963 2903 1063 2960 super·

54 2973 132 3033 ficici
159 2973 192 3046 ql
219 2973 258 3031 ad
284 2972 468 3049 superficiem
490 2973 537 3031 la:
565 2991 635 3050 crgo
658 2973 810 3049 proportio
833 2973 997 3049 superficiei
1015 2963 1064 3031 'ml

56 3063 93 3121 ad
125 3061 310 3137 superficiem
342 3062 375 3135 lq
407 3062 452 3120 est
483 3061 560 3139 sicut
590 3063 744 3138 proportio
772 3062 938 3137 superficiei
965 3064 998 3136 ql
1025 3060 1064 3118 ad
1077 3075 1103 3114 20

56 3150 239 3226 superficiem
258 3151 300 3227 ln,
324 3168 394 3227 crgo
412 3149 489 3207 inter
507 3145 717 3229 <superfioics>
736 3153 781 3209 rat
799 3153 830 3209 et
847 3153 883 3210 la
901 3155 946 3211 cst
965 3169 1063 3226 super-

56 3237 135 3298 ficies
164 3239 323 3297 secundum
346 3237 568 3314 proportionem
591 3257 693 3314 unam,
722 3259 779 3315 quc
803 3241 848 3298 est
870 3241 910 3313 dl.
957 3239 1063 3314 Super-

127 3396 152 3446 ὁ.
172 3391 310 3445 addimus.
330 3421 363 3430 —
382 3395 406 3445 6.
426 3388 516 3461 Tunc]
534 3392 584 3443 tn.

124 3553 152 3616 1)
163 3550 240 3619 x’l-
251 3557 267 3604 ὀ
279 3577 310 3597 =
323 3556 372 3620 δίε,
391 3567 481 3620 quare
496 3571 517 3610 rc
528 3581 562 3600 =
574 3558 591 3608 3
602 3538 784 3627 fist-To,
795 3549 834 3602 'id
845 3549 895 3602 est
911 3540 1104 3599 m=finffi=
