2316 3840
259 715 438 788 INCIPIT
467 715 713 788 EXPOSITIO
740 716 966 789 ANARITH

106 840 259 913 SUPER
295 840 542 913 SEPTIMUM
577 839 854 913 GEOMETRIE
890 839 1131 916 EUOLIDIS.

193 1020 292 1096 Ipsius
320 1023 421 1078 tamen
454 1021 600 1078 elementa
630 1039 690 1078 non
717 1021 827 1096 reperi,
858 1040 958 1096 neque
991 1023 1129 1098 primum

104 1109 264 1185 theorema,
288 1110 430 1186 quoniam
453 1109 555 1167 deerat
577 1109 707 1184 primum
730 1109 836 1168 folium
857 1109 890 1167 in
914 1112 1094 1187 exemplari.
1102 1105 1128 1190 ¹)

76 1213 90 1252 s
194 1197 292 1268 Quod
311 1198 491 1274 sequitur,
510 1197 630 1275 figure
649 1198 801 1256 secunde
820 1192 1031 1277 additum.²)
1061 1201 1131 1260 Iam

105 1287 196 1345 etiam
228 1291 380 1346 ostensum
412 1290 456 1344 est
488 1288 568 1363 quod
605 1287 717 1345 omnis
754 1306 921 1346 numerus
961 1290 1132 1349 existens

104 1377 218 1435 minor
250 1395 395 1434 numero
427 1376 575 1450 maiore,
612 1377 673 1452 qui
710 1379 873 1434 numerat
905 1377 997 1436 duos
1034 1399 1132 1440 oom-

103 1465 346 1539 munioantos‚
380 1468 545 1522 numerat

131 1573 314 1611 numerum
350 1553 518 1612 maiorem
590 1545 1131 1652 l—---***-LJ

64 1658 336 1717 rocommunem,
379 1662 439 1718 qu1
480 1662 543 1699 nu-

104 1735 218 1788 merat
245 1750 311 1790 eos.
362 1730 448 1800 Quod
475 1731 542 1789 inde
587 1740 605 1792 9
853 1731 855 1736 ’
918 1739 934 1776 ²
1016 1727 1037 1779 d

293 1820 298 1831 ,
598 1811 601 1829 2
614 1796 1024 1832 -—----—-*-—-a---=

105 1823 167 1893 est,
208 1839 351 1896 quomam
393 1839 543 1894 numerus

105 1908 158 1984 qui
190 1912 235 1966 est
269 1909 366 1966 minor
391 1926 443 1987 qr,
476 1928 544 1966 eum
725 1901 744 1954 t

103 1997 196 2055 fuerit
227 1993 432 2075 (numerans)
469 1999 543 2056 duos

64 2101 90 2140 15
104 2106 255 2161 numeros
283 2087 334 2144 1116
362 2090 499 2144 numerat
523 2088 567 2144 eb.
618 2084 658 2144 Et
680 2085 817 2144 similiter
839 2087 999 2161 posuimus
1025 2090 1129 2166 ipsum

103 2179 310 2234 numerantem
336 2179 435 2234 totum
463 2177 516 2233 ba:
545 2194 615 2252 ergo
643 2175 705 2250 ipse
732 2170 914 2253 <numerat>
943 2178 986 2234 ab
1013 2182 1045 2237 et
1071 2183 1126 2254 qd.

104 2265 187 2323 Tune
214 2265 277 2340 ipse
309 2264 479 2322 numerabit
511 2264 600 2321 etiam
631 2283 789 2321 numerum
814 2282 867 2338 qa,
899 2268 1028 2340 propter
1059 2269 1130 2345 hoo,

104 2354 253 2428 quoniam,
273 2372 340 2410 oum
358 2371 497 2410 numerus
516 2353 566 2411 1116
585 2356 723 2410 numerat
734 2353 787 2427 961,
806 2354 836 2409 et
852 2354 897 2426 qd
915 2360 1060 2415 numerat
1080 2361 1127 2433 eb,

105 2460 174 2517 ergo
204 2461 344 2498 numerus
368 2444 504 2499 numerat
530 2442 692 2517 reliquum,
716 2459 786 2518 ergo
808 2446 948 2500 numerat
970 2445 1029 2504 da:
1053 2465 1127 2525 ergo

64 2545 91 2583 ro
104 2548 246 2586 numerus
273 2529 323 2586 1116
351 2534 490 2589 numerat
517 2532 564 2590 da.
620 2529 678 2587 Sed
704 2530 857 2605 posuimus
887 2530 989 2605 ipsum
1019 2528 1126 2593 nume·

175 2705 199 2752 3.
218 2698 297 2751 Haeo
315 2699 388 2751 116666
404 2699 435 2751 ia
450 2700 565 2768 Msopto.
581 2706 643 2753 aute
663 2700 763 2752 lineam
782 2705 797 2752 1
823 2700 928 2770 1691166.
949 2733 983 2740 -
1006 2709 1128 2759 10-11,

104 2769 179 2835 quod
197 2768 277 2821 iuvat
296 2784 351 2822 eos.
371 2801 404 2809 -
425 2776 536 2824 16-19.
560 2771 661 2824 Verbo:
687 2771 743 2838 „ab
762 2772 791 2823 et
808 2773 850 2840 qd
869 2813 946 2826 .....
966 2780 1127 2829 numerus“

103 2841 135 2893 ia
152 2842 275 2911 margine
293 2841 419 2910 loquatur
437 2848 462 2894 et
478 2844 556 2911 siquo
576 2841 599 2913 ’1.
620 2843 657 2895 od
674 2858 754 2895 saum
773 2842 860 2895 locam
878 2844 1100 2910 traorsferuortur.

176 3019 201 3086 l)
224 3016 346 3071 Maxime
370 3017 521 3071 dolendum
545 3021 600 3086 est,
624 3021 698 3086 quod
721 3018 751 3071 in
774 3020 853 3071 textu
873 3018 1009 3089 originali
1033 3040 1125 3077 unum

103 3087 202 3141 folium
222 3089 325 3142 deerat.
363 3088 583 3143 Commentarius
602 3088 677 3143 enim
695 3089 731 3142 ad
750 3089 927 3144 definitiones
946 3091 1035 3147 huius
1054 3093 1125 3148 libri

103 3158 245 3226 reliquias,
264 3162 297 3211 ut
314 3158 434 3228 videtur,
453 3160 628 3214 Heronianas
647 3160 818 3214 continebat.

174 3233 200 3299 2)
219 3231 354 3283 Eucnmns
374 3231 432 3299 VII,
453 3237 481 3285 2:
509 3233 662 3300 Propositus
680 3233 785 3286 duobus
802 3233 923 3286 numeris
945 3235 1124 3293 adinvicem

103 3303 255 3370 compositis
277 3303 427 3355 maximam
449 3320 591 3357 eameram
613 3319 777 3357 commanem
800 3319 842 3357 eos
864 3313 1058 3362 numerantem
1077 3310 1125 3362 in·

104 3375 199 3426 venire.
233 3373 309 3427 Unde
322 3375 497 3439 manifestam
510 3380 556 3440 est,
575 3375 647 3443 quod
665 3375 752 3428 omnis
765 3391 894 3429 uumerus
908 3376 978 3430 duos
992 3394 1128 3435 numeros

90 3460 245 3500 numerans
262 3452 391 3501 numerat
408 3461 552 3500 uulnerum
570 3446 719 3500 oraminum
737 3446 828 3499 umbos
846 3454 1045 3506 numerantem.
