2316 3840
103 170 166 233 142
387 167 551 221 ANARITII
569 166 825 283 COMMEIITARII

100 338 197 396 lorum
220 339 293 412 1119,
313 338 387 411 915,
411 355 470 412 que
493 339 538 395 est
561 336 675 411 equalis
698 335 812 396 duobus
834 336 937 396 rectis:
963 337 1023 395 hoc
1045 355 1119 396 vero

100 426 317 500 inconveniens,
336 445 405 502 ergo
419 425 499 483 linea
512 427 554 499 19
567 443 627 483 non
644 424 819 500 producitur
836 444 928 501 supra
945 425 1062 484 lineam
1079 427 1118 486 hc

100 533 118 571 a
144 516 231 590 parte
258 514 362 590 puncti
384 516 408 573 b.
456 512 540 582 Quod
568 513 594 572 si
620 513 751 588 dicatur,
778 513 859 589 quod
882 513 949 590 ipsa
982 515 1121 591 cooperit

100 603 210 661 lineam
224 605 275 662 lis:
298 603 395 662 dicam
417 603 519 680 igitur,
541 602 623 677 quod
645 605 732 660 erunt
755 601 813 661 duo
837 603 941 680 anguli
965 605 1032 679 det,
1056 605 1121 664 dele
1157 625 1158 628 ¹

73 692 222 766 aequales
246 691 361 750 duobus
384 692 480 751 rectis.
526 691 591 749 Hoc
614 694 715 750 autem
738 694 783 750 est
799 691 1022 768 inconveniens,
1047 711 1121 769 quo·

99 780 181 839 niam
202 780 261 856 ipsi
280 784 349 839 sunt
370 781 497 838 maiores
521 779 635 839 duobus
657 779 761 839 rectis:
788 780 869 838 linea
895 799 967 857 ergo
991 782 1035 855 19
1059 800 1122 840 nou

100 870 232 944 cooperit
254 869 365 926 lineam
386 871 436 945 13,
463 888 558 943 neque
581 868 755 943 producitur
777 887 868 944 supra
890 887 956 926 eam
988 888 1008 927 a
1029 873 1138 945 parte-

99 958 203 1033 puncti
217 959 241 1016 b.
271 957 303 1016 Si
321 977 391 1017 vero
410 957 526 1032 dixerit,
545 957 625 1032 quod
642 956 722 1016 linea
739 958 781 1031 19
799 957 932 1034 cooperit
948 957 1067 1017 lineam
1079 961 1122 1033 19

100 1046 287 1104 coniunctam
310 1046 469 1106 secundum
499 1044 706 1104 rectitudinem
732 1045 810 1104 linee
833 1048 885 1121 11,
909 1046 1011 1105 dicam
1034 1067 1139 1126 ergo:-

60 1153 85 1191 1o
100 1135 172 1210 quia
196 1137 323 1212 angulus
346 1136 410 1194 ahc
429 1137 474 1193 est
497 1135 593 1193 factus
617 1135 732 1210 equalis
751 1135 861 1212 angulo
884 1137 951 1211 del,
977 1156 1051 1214 ergo
1076 1157 1122 1196 re·

98 1228 200 1283 manet
223 1224 350 1300 angulus
369 1224 432 1283 dale
455 1223 569 1298 equalis
588 1223 701 1282 duobus
720 1223 837 1300 angulis
856 1225 924 1299 bus,
945 1225 1011 1298 shq
1029 1227 1123 1286 rectis

101 1312 214 1372 duobus
243 1311 410 1388 equalibus,
438 1312 518 1387 quod
545 1311 632 1370 valde
660 1315 705 1370 est
734 1311 952 1372 inconveniens.
1010 1313 1125 1374 Adhuc

99 1421 168 1460 vero
205 1402 302 1479 magis
337 1400 546 1460 inconveniens
583 1401 652 1475 erit,
689 1400 715 1458 si
750 1400 869 1475 dixerit,
906 1401 990 1476 quod
1028 1422 1124 1480 supra

98 1490 209 1548 lineam
231 1491 272 1563 19
296 1508 314 1546 a
336 1492 422 1565 parte
444 1489 548 1565 puncti
575 1488 737 1547 educitur
762 1489 842 1546 linea
864 1490 918 1563 191
946 1509 1021 1567 ergo
1053 1513 1124 1568 pro·

59 1597 84 1636 15
99 1579 206 1637 tractio
230 1579 371 1652 11115519
394 1597 509 1654 semper
532 1578 588 1635 erit
610 1577 688 1635 inter
711 1577 769 1636 duo
792 1580 905 1653 puncta
927 1597 955 1653 q,
970 1597 994 1637 s.
1032 1580 1125 1641 Post·

99 1685 190 1741 quam
220 1667 315 1744 igitur
346 1667 402 1725 hoo
434 1666 617 1724 declaratum
645 1669 701 1740 est,
735 1665 760 1725 si
787 1666 916 1724 aliarum
946 1667 1124 1746 figurarum

98 1755 232 1830 exemplo
255 1759 419 1831 ponantur,
369 1755 608 1814 ursecundum
631 1711 711 1829 quod
733 1756 891 1814 Eucnmns
914 1758 1035 1834 posuit,
1062 1779 1125 1818 non

96 1843 247 1902 invenitur
268 1845 351 1903 locus
374 1842 602 1903 contradicendi.
647 1843 688 1901 Et
709 1843 784 1902 illud
808 1846 861 1919 est,
884 1845 967 1918 quod
997 1846 1125 1909 demon·
1153 1895 1155 1900 ,

97 1934 191 1990 strare
214 1933 372 1992 voluimus.

57 2039 82 2078 20
183 2022 228 2078 De
256 2025 385 2096 quarta
413 2013 566 2101 figura¹)
598 2019 673 2078 dixit
694 2021 826 2094 YamUS,
854 2020 934 2095 quod
963 2021 1037 2098 ipsa
1069 2029 1124 2102 est,

96 2111 256 2168 secundum
280 2110 361 2186 quod
383 2110 458 2167 dixit
480 2109 648 2168 Eucnmna

183 2199 227 2256 De
246 2199 373 2275 quinta
392 2198 514 2276 figura
521 2190 546 2278 2)
564 2197 751 2256 Autumnis:
771 2194 932 2257 Ostendam
946 2198 1018 2277 hoc,
1039 2204 1123 2279 quod
1157 2265 1158 2270 ,

93 2288 173 2345 linea
184 2282 405 2366 le<equidistat
405 2282 426 2365 >
392 2287 519 2344 tlinee
530 2304 578 2360 119.
602 2285 717 2344 Ponam
726 2284 829 2362 itaque
839 2286 1035 2364 triangulum
1046 2295 1123 2368 (119,

94 2380 129 2434 ut
157 2395 248 2451 supra
275 2377 390 2452 positus
419 2379 477 2449 est,
508 2378 538 2433 et
559 2393 628 2450 pro·

55 2465 213 2522 attraham
253 2464 347 2522 lineas
388 2459 453 2541 <ue
492 2460 547 2540 et>
583 2464 628 2537 19.

95 2552 286 2610 Manifestum
326 2552 421 2629 igitur
463 2556 508 2611 est
549 2552 629 2628 quod

95 2640 152 2699 duo
189 2641 333 2718 trianguli
369 2643 436 2716 acl,
470 2642 522 2700 bel
558 2643 628 2699 sunt

166 2851 189 2899 1.
223 2860 277 2912 que
305 2846 348 2898 est
377 2843 486 2910 equalis
515 2843 625 2897 duobus

93 2915 189 2987 rectis]
209 2914 258 2984 qui
273 2917 338 2969 sunt
352 2913 429 2968 recti.
444 2946 480 2955 —
499 2920 522 2968 5.
543 2931 627 2983 equa-

94 2986 135 3040 les
156 2987 264 3040 duobus
287 2985 384 3058 rectis]
409 2987 474 3039 sunt
496 2984 573 3040 recti.
593 3017 627 3025 -

95 3064 136 3112 12,
152 3058 263 3129 Adhuc]
279 3057 342 3112 adh.
353 3059 393 3111 ut.
410 3089 441 3096 -
457 3062 499 3110 25.
514 3056 626 3110 lineam.
675 3090 680 3110 1

164 3253 344 3323 1)Eucu11>na
363 3250 410 3319 IV,
425 3256 455 3305 4:
478 3251 561 3304 Intra
578 3252 627 3305 dc·

91 3331 149 3379 tum
156 3324 327 3394 triuuqulum
333 3322 465 3377 circulum
473 3323 625 3376 decmbere

163 3394 345 3464 2115511511
359 3393 405 3460 IV,
421 3398 449 3447 5.
476 3393 556 3447 Circa
569 3394 707 3463 tricorium
721 3392 901 3475 arripueram,
920 3394 980 3450 sice
996 3399 1075 3455 illud
1088 3402 1127 3457 sit

90 3467 293 3537 olwthopouium
320 3465 375 3520 siue
398 3463 606 3534 ambllqouium,
633 3466 689 3519 sice
711 3462 883 3534 ceraunium,
909 3466 1056 3525 circulum
1079 3474 1125 3528 de·

76 3539 201 3594 rendere
