2340 3834
95 188 160 252 314
381 189 546 243 ANARITII
564 188 821 244 COMMENTARII

93 356 232 431 mediale,
261 361 291 416 θὴ
319 357 467 433 quadrata
490 375 593 415 earum
615 357 772 417 coniuncta
795 360 864 417 sunt
887 357 1050 429 rationale,
1079 360 1108 415 θὴ

92 445 167 504 illud
190 449 247 519 θεὴ,
271 444 350 521 quod
372 444 574 505 demonstrare
596 447 752 506 voluimus.

180 534 395 594 Vicesimum
418 538 563 594 sextum.

181 623 270 682 Volo
297 625 460 699 reperire
486 624 572 683 duas
595 624 712 683 lineas
735 624 777 683 cb
801 629 831 684 et
855 625 895 698 by
917 623 1108 698 mediales,

66 712 128 769 cin
151 714 318 786 potentia
345 716 486 773 tantum
510 713 811 772 communicantes
834 707 892 790 <θὴ
914 712 1108 772 continen-

93 799 172 876 tes>
202 801 433 877 superficiem
463 802 692 877 rationalem,
726 800 897 879 <quarum
926 801 1109 877 quadrata

93 890 286 949 coniuncta
309 894 392 950 sunt
413 888 598 968 mediales>
1089 939 1093 943 .

181 979 345 1054 Exponam,
363 983 399 1039 ut
416 984 457 1039 ab
475 979 571 1055 possit
589 998 679 1055 supra
697 981 738 1054 69
753 980 914 1040 secundum
935 973 938 1056 i
960 997 1108 1056 augmen·
1128 986 1160 1035 61

92 1070 156 1124 ium
179 1067 319 1142 quadrati
341 1069 426 1144 linea,
452 1068 541 1126 lateri
564 1067 649 1128 cuius
672 1068 840 1146 seiungitur
861 1069 893 1125 in
916 1067 1108 1145 longitudine

52 1173 78 1212 ιο
92 1156 146 1230 ab,
174 1175 232 1232 que
261 1156 321 1215 sint
347 1158 432 1216 radix
454 1157 562 1216 radicis
588 1158 650 1216 128
682 1162 712 1217 θὴ
738 1158 823 1216 radix
850 1156 959 1215 radicis
988 1159 1048 1235 323
1076 1160 1110 1215 θὴ

92 1243 256 1303 describam
279 1264 369 1321 supra
393 1248 434 1306 ab
457 1246 687 1322 semicirculum,
715 1248 746 1306 θὴ
768 1245 901 1305 dividam
924 1246 964 1319 69
985 1244 1020 1302 in
1045 1245 1108 1304 duc

90 1333 189 1392 media
217 1353 307 1410 supra
335 1354 362 1409 e,
390 1338 420 1394 θὴ
447 1335 608 1412 adiungam
630 1335 669 1392 ad
692 1336 733 1395 ab
756 1333 942 1410 superficiem
965 1335 1111 1409 equalem

89 2147 236 2223 quadrato
265 2149 313 2222 bc,
342 2166 400 2222 que
428 2147 468 2205 sit
494 2145 579 2204 radix
606 2146 746 2220 duorum,
774 2149 804 2204 θὴ
830 2146 896 2222 ipsa
925 2151 970 2206 est
999 2167 1106 2226 super-

88 2235 176 2312 ficies,
201 2256 259 2312 que
281 2236 316 2294 fit
339 2255 373 2294 ex
396 2253 437 2294 aa
457 2234 490 2292 iu
511 2237 562 2308 zb3
586 2237 616 2294 θὴ
638 2234 800 2309 producam
823 2254 841 2293 a
863 2238 974 2311 puncto
998 2256 1016 2296 a
1037 2258 1105 2313 per·

49 2339 74 2380 15
88 2325 309 2400 pendicularem
331 2325 384 2399 ad,
408 2327 438 2383 θὴ
460 2323 606 2399 copulabo
629 2342 649 2381 a
672 2342 738 2381 cum
760 2325 781 2382 d
804 2326 833 2381 θὴ
855 2326 960 2382 deum
979 2327 1011 2383 b:
1036 2327 1103 2385 dico

56 2417 58 2422 ’
87 2414 188 2492 igitur,
212 2414 291 2489 quod
313 2413 369 2470 due
393 2413 470 2470 linee
493 2413 537 2471 ad
560 2415 590 2470 θὴ
613 2412 654 2470 db
678 2414 757 2484 sunt,
780 2411 856 2470 sicut
875 2413 1023 2472 volumus
1062 2416 1103 2474 st

88 2502 225 2560 similiter
252 2501 420 2576 ostendam,
447 2501 527 2577 quod
554 2501 599 2560 cd
625 2501 656 2558 θὴ
683 2501 723 2558 dc
748 2501 871 2559 suntin
894 2503 1033 2576 potentia
1055 2504 1101 2561 in·

88 2590 347 2664 communicantes,
366 2593 396 2647 et
415 2590 494 2665 quod
514 2588 682 2664 superficies
697 2590 738 2647 ab
756 2589 788 2645 in
806 2590 846 2662 69
864 2593 909 2648 θεὴ
927 2590 1100 2650 rationalis:

88 2697 157 2755 ergo
186 2677 353 2753 superficies
382 2680 423 2737 cb
449 2678 481 2736 in
509 2679 546 2736 be
574 2680 618 2736 θεὴ
644 2676 813 2752 rationalis,
843 2697 900 2752 que
928 2682 986 2754 θεὴ,
1018 2681 1101 2756 quod

48 2767 180 2826 rescitur
201 2766 427 2842 multiplicando
450 2766 630 2842 quadratum
652 2766 793 2841 quadrati
816 2767 870 2841 ub,
898 2766 930 2824 id
953 2771 1000 2826 θεὴ
1026 2771 1099 2841 128,

86 2855 118 2914 in
145 2855 324 2931 quadratum
351 2855 490 2931 quadrati
517 2857 569 2929 by,
596 2854 627 2912 id
650 2857 695 2913 θεὴ
719 2857 774 2930 32,
801 2855 978 2930 provenient
1001 2858 1098 2932 4086,

87 2943 170 3003 cuius
194 2944 293 3020 accipe
317 2948 430 3003 sextam
453 2944 606 3019 decimam,
629 2963 686 3018 que
710 2946 756 3002 θεὴ
779 2944 856 3018 256,
879 2943 965 3002 radix
988 2945 1098 3004 radicis

86 3033 170 3092 cuius
193 3035 238 3091 θεὴ
262 3035 290 3091 4.
326 3033 383 3091 Vel
405 3032 571 3108 multiplica
590 3032 770 3108 quadratum
788 3032 927 3107 quadrati
947 3034 991 3108 be,
1017 3034 1098 3110 quod

86 3126 132 3181 θεὴ
149 3122 347 3181 sextadecima
366 3117 504 3197 quadrati
521 3120 616 3179 totius
634 3121 687 3195 by,
706 3123 736 3179 θὴ
754 3123 800 3179 θεὴ
819 3123 847 3194 2,
866 3120 897 3178 in
916 3121 1097 3196 quadratum

46 3223 72 3266 25
86 3211 225 3287 quadrati
247 3212 301 3286 ab,
325 3210 438 3270 scilicet
462 3210 533 3284 128,
558 3213 588 3268 θὴ
610 3209 766 3285 proveniet
789 3210 861 3284 256,
884 3209 969 3268 radix
988 3211 1096 3270 radicis

85 3300 168 3360 cuius
191 3302 237 3359 θεὴ
260 3301 288 3358 4.
335 3297 521 3368 Quadratum
543 3316 672 3373 namque
696 3299 734 3357 be
755 3301 864 3374 quarta
887 3301 933 3357 θεὴ
956 3300 1096 3375 quadrati

147 3475 189 3527 10.
212 3469 256 3527 sit.
279 3503 315 3511 -
337 3474 381 3526 21.
396 3468 485 3557 6086]
503 3473 547 3523 dd.
570 3500 606 3508 -
625 3473 671 3522 22.
687 3473 751 3521 usa.
772 3499 805 3508 -
828 3473 871 3522 24,
891 3469 1095 3541 sextadecima]

55 3563 101 3615 16.
126 3593 161 3602 -
183 3568 227 3620 26.
250 3565 376 3640 quarta]
395 3571 422 3622 4.
