2340 3834
375 162 426 216 AD
445 162 630 218 EUCLIDEM
647 163 714 219 LIB.
728 164 761 218 X.
1004 166 1066 229 341

60 329 209 406 quadrati,
232 331 313 407 quod
336 333 380 390 est
405 332 455 407 15,
478 331 561 391 cuius
583 332 668 391 radix
691 336 737 391 ost
759 332 892 392 seiuncta
913 331 1007 391 radici
1026 334 1068 391 24

60 421 89 478 66
121 418 198 478 linee
230 419 299 479 date
330 419 485 496 rationali,
523 421 601 497 quod
633 421 675 480 sio
705 422 857 498 probatur.
908 419 1069 480 Ostendam

59 526 197 585 namque,
219 502 318 585 <siout
340 504 486 588 ostendi>
509 509 589 585 quod
609 511 652 584 916
675 514 720 569 est
741 510 914 584 binomium,
937 513 968 569 66
990 510 1069 586 quod

58 598 99 656 bb
124 600 224 673 potest
246 615 336 674 supra
358 599 398 672 by
421 617 488 657 oum
511 602 670 676 augmento
695 599 848 675 quadrati,
875 601 959 658 ouius
981 599 1070 658 lateri

58 686 99 745 bb
121 686 155 744 in
177 686 335 745 latitudine
359 686 540 764 soiungItur,
569 690 598 746 et
622 687 700 764 quod
724 690 776 763 by,
804 707 862 764 que
885 692 930 748 est
951 688 1069 748 brevior
1095 698 1108 738 ⁵

60 773 165 850 seatio,
198 775 396 834 communicat
426 776 503 834 lineo
535 777 676 835 rationali
707 776 776 835 date
807 778 839 834 in
870 776 1068 854 longitudine:

61 883 138 941 ergo
156 865 198 938 qb
225 868 271 924 est
296 864 461 923 binomium
488 866 634 940 quintum.
678 865 719 924 Et
746 866 925 942 superfluum
948 865 1069 924 maioris

62 971 164 1012 earum
191 970 283 1029 supra
308 953 466 1028 minorem,
493 955 573 1030 quod
600 957 645 1013 est
671 955 756 1013 radix
784 956 826 1012 24
854 953 964 1031 absque
991 955 1009 1012 3
1034 972 1069 1012 ex

61 1042 200 1117 numeris,
222 1046 268 1101 ost
288 1042 440 1102 residuum
459 1044 611 1119 quintum3
635 1046 665 1102 et
682 1043 757 1101 illud
776 1046 829 1119 est,
852 1043 931 1118 quod
950 1043 1068 1101 domon-

62 1132 154 1190 strare
178 1132 336 1190 voluimus.
1082 1145 1109 1184 ro

148 1220 349 1280 Binomium
372 1223 509 1280 sextum
532 1222 704 1281 invenire.

149 1309 234 1368 Dabo
260 1311 353 1387 igitur
379 1311 489 1368 lineam
515 1310 547 1367 in
572 1311 707 1386 potantia
729 1309 920 1384 rationalem,
947 1309 1070 1384 quasit

64 1399 114 1473 by,
143 1417 232 1474 quam
259 1417 368 1474 ponam
394 1398 524 1458 radicem
552 1400 585 1474 8,
613 1398 711 1474 sitque
739 1399 819 1457 linea
845 1418 865 1458 a
892 1394 1006 1476 (duo),
1039 1401 1070 1457 ot

64 1486 186 1565 signabo
210 1487 283 1546 duos
305 1506 444 1548 numeros
466 1487 591 1564 primos,
620 1489 673 1563 qui
695 1489 756 1547 sint
780 1491 821 1547 10
845 1489 931 1563 666,
959 1490 989 1545 66
1010 1488 1070 1563 ipsi

162 1640 217 1693 duo

499 1978 631 2031 seruerim

151 2119 337 2190 66666639
406 2120 524 2174 radoin&
591 2119 606 2171 b

160 2189 328 2226 r———r
594 2188 598 2226 ι

506 2295 510 2332 1

66 2410 123 2468 sint
145 2411 195 2483 dr,
217 2428 261 2486 ae,
284 2413 314 2468 et
336 2411 376 2470 sit
397 2411 551 2487 proportio
570 2412 611 2470 de
629 2411 667 2470 ad
685 2429 925 2486 unumquemque
944 2408 1071 2468 duorum
1086 2420 1111 2461 15

66 2516 253 2557 numerorum
280 2501 333 2574 da,
359 2517 396 2560 ze
422 2519 481 2558 non
508 2501 585 2559 siout
611 2501 765 2576 proportio
792 2499 908 2578 numeri
933 2498 1072 2573 quadrati

66 2587 101 2645 ad
134 2607 290 2647 numerum
321 2589 512 2663 quadratum,
547 2590 578 2647 et
608 2589 730 2666 signabo
762 2589 872 2646 lineam
903 2586 1071 2660 secundam,

66 2695 123 2752 que
146 2677 186 2735 sit
208 2678 288 2735 linea
310 2681 328 2751 t,
352 2696 446 2753 neque
466 2678 505 2735 sit
522 2679 675 2753 proportio
695 2679 759 2736 eins
777 2677 816 2736 ad
833 2693 1071 2752 unumquemque

63 2764 189 2825 duorum
216 2784 405 2824 numerorum
432 2767 484 2841 de,
512 2784 546 2826 er
575 2767 652 2825 siout
677 2767 830 2843 proportio
857 2765 973 2823 numeri
1000 2782 1072 2840 qua-

62 2853 144 2913 drati
172 2853 210 2912 ad
237 2873 392 2913 numerum
416 2855 609 2930 quadratum,
636 2858 666 2913 66
687 2855 741 2914 666
762 2855 915 2931 proportio
939 2855 978 2912 de
1001 2853 1039 2911 ad
1062 2858 1112 2910 t20

61 2946 140 3005 siout
162 2945 315 3020 proportio
339 2945 478 3020 quadrati
501 2946 543 3019 by
564 2945 602 3004 ad
620 2944 799 3021 quadratum
817 2938 885 3022 <α>
926 2941 1071 3018 Multipli-

59 3034 135 3093 oabo
162 3034 256 3110 igitur
283 3035 303 3092 4
330 3035 361 3091 in
387 3035 441 3108 16,
469 3035 500 3111 et
520 3033 597 3091 fiunt
622 3035 676 3107 643
705 3032 836 3092 dividam
857 3032 944 3089 illum
966 3051 1020 3107 per
1044 3031 1072 3104 8,

60 3127 91 3182 66
116 3122 238 3181 exibunt
262 3123 289 3197 8,
313 3124 365 3197 qui
388 3124 433 3180 est
455 3123 534 3180 linea
557 3127 575 3180 t.
620 3123 661 3181 nt
683 3123 774 3181 etiam
795 3120 948 3197 proportio
972 3125 990 3194 t,
1014 3138 1071 3195 que

60 3214 108 3272 est
133 3212 165 3284 8,
190 3210 228 3268 ad
253 3228 301 3285 ee,
331 3231 387 3288 que
416 3213 460 3268 est
487 3212 520 3284 6,
548 3214 592 3269 est
615 3211 693 3269 siout
714 3211 867 3287 proportio
891 3208 1072 3284 quadratio

60 3301 100 3360 ad
130 3299 310 3374 quadratum
334 3300 389 3374 pb:
422 3301 467 3356 est
495 3318 563 3376 ergo
590 3301 632 3374 qb
659 3299 743 3356 radix
770 3300 874 3372 trium,
902 3300 932 3356 66
958 3297 999 3356 bb
1027 3299 1071 3354 est
1086 3304 1111 3346 25

59 3387 226 3448 binomium
259 3390 388 3463 sextum,
420 3388 498 3463 quod
526 3389 568 3446 sio
594 3387 745 3463 probatur.
797 3385 958 3446 Ostendam
985 3385 1072 3460 anim,

135 3547 158 3594 2.
179 3542 208 3593 et
224 3538 301 3593 tinea
320 3539 388 3594 data
403 3541 447 3595 est
460 3538 623 3596 rationalis.
638 3573 673 3582 -
693 3544 779 3594 u-n.
792 3536 875 3607 suot
887 3531 1103 3604 paronoma-
