2340 3834
94 169 138 234 54
381 167 545 223 ANARITII
563 166 819 222 COMMENTARH

94 341 140 397 est
149 336 263 413 equalis
274 337 341 396 abd.
360 336 401 394 Et
411 335 482 411 quia
496 335 663 413 triangulus
673 338 737 397 rdb
751 340 796 396 est
810 337 936 395 duorum
951 336 1109 412 equalium

93 426 229 500 laterum,
249 443 318 503 ergo
338 424 497 483 seeundum
510 425 716 500 probationem
728 425 823 503 figure
838 424 941 502 quinte
955 421 1109 506 angulus>

93 515 156 574 rdb
192 516 238 573 est
274 514 388 590 equalis
425 514 534 590 angulo
565 516 636 574 rbd.
693 514 750 572 Sed
782 533 848 573 eum
880 515 916 572 de
949 514 1108 591 equalibus

94 603 213 679 equalia
235 603 401 677 demuntur,
424 622 482 678 que
504 602 715 680 relinquuntur
737 605 807 662 sunt
825 604 957 679 equalis,
979 606 1108 664 renanet

67 702 164 769 bergo
188 693 316 769 angulus
339 693 399 751 eda
421 692 531 768 angulo
555 694 613 753 ebe
635 692 762 767 equalis3
791 695 821 750 et
843 693 920 751 illud
943 695 1000 767 est,
1025 693 1107 769 quod

93 781 295 839 demonstrare
323 780 479 840 voluimus.
529 781 639 857 Figura
666 784 768 839 tamen
794 782 852 840 iste
878 780 1107 856 probationibus

93 889 153 929 non
189 872 260 928 sunt
290 869 466 944 necessarie,
503 870 644 944 quoniam
675 890 742 929 eum
773 869 853 929 basis
885 873 1109 946 superponatur

92 957 171 1033 basi,
198 976 258 1017 non
285 957 377 1017 seitur
404 958 551 1018 certitudo
579 958 705 1017 duorum
732 960 910 1036 angulorum
937 978 968 1036 a,
997 961 1029 1032 d3
1063 957 1109 1036 [et

92 1046 168 1105 illud
191 1049 249 1125 est,
273 1047 353 1122 quod
376 1047 577 1106 demonstrare
600 1045 771 1123 voluimus}

54 1147 80 1184 10
182 1135 330 1194 Additio
354 1135 438 1193 noni
460 1128 735 1215 theorematis.1)

183 1224 215 1283 ai
242 1224 308 1301 quis
337 1215 489 1304 morial),
519 1225 598 1299 quod
626 1225 795 1302 triangulus
824 1224 1020 1302 equilaterus,
1056 1225 1110 1302 qui

92 1313 127 1372 fit
154 1332 241 1389 super
268 1313 377 1371 lineam
404 1312 550 1388 trianguli
577 1315 652 1382 aed,
681 1333 738 1390 que
766 1318 811 1372 est
838 1315 918 1372 linea
943 1315 995 1381 ed,
1023 1314 1110 1373 eadit

94 1421 182 1477 super
209 1402 318 1461 lineam
342 1403 383 1460 ab
412 1401 450 1459 ad
477 1400 702 1460 similitudinem
724 1420 752 1472 r,
782 1402 838 1461 erit
866 1422 936 1481 ergo
961 1404 1043 1462 latus
1069 1404 1110 1464 de

94 1490 208 1567 equalis
244 1489 402 1566 unicuique
434 1489 561 1548 duarum
592 1490 740 1549 linearum
771 1494 820 1559 dr,

55 1589 136 1639 15re.
183 1579 224 1637 Et
247 1579 318 1654 quia
339 1577 509 1654 triangulus
533 1580 597 1638 ade
624 1583 669 1638 est
694 1579 820 1639 duorum

94 1667 245 1744 equalium
273 1667 414 1741 laterum,
442 1686 511 1744 ergo
536 1687 570 1726 ex
596 1687 643 1743 eo,
672 1669 752 1743 quod
776 1673 820 1727 est

93 1756 286 1814 manifestum
319 1775 352 1812 ex
380 1755 556 1830 probatione
583 1756 678 1833 figure
706 1757 819 1833 quinte,

93 1845 222 1922 angulus
242 1845 303 1917 dep
322 1846 367 1902 est
386 1845 501 1918 equalis
521 1846 631 1921 angulo
652 1846 725 1913 edb,
749 1846 820 1921 quia

93 1933 151 2008 ipsi
179 1935 248 1991 sunt
275 1932 391 2009 anguli,
420 1933 472 2008 qui
500 1935 569 1990 sunt
597 1934 651 1991 sub
679 1933 756 2009 basi,
789 1938 820 1992 et

53 2033 79 2072 2⁰
94 2022 196 2096 etiam,
229 2021 301 2096 quia
332 2021 501 2098 triangulus
529 2022 588 2082 dre
620 2024 666 2080 est
693 2022 820 2081 duorum

94 2110 245 2186 equalium
268 2111 409 2184 laterum,
433 2129 502 2186 ergo
527 2129 561 2168 ex
584 2130 631 2186 eo,
655 2111 734 2185 quod
752 2130 819 2186 pro·
863 2142 893 2195 θ

93 2199 182 2258 eessit
206 2219 241 2257 ex
268 2198 443 2273 probatione
467 2198 560 2275 figure
584 2199 701 2274 quinte,
729 2199 817 2257 etiam
1083 2210 1104 2263 b

94 2293 181 2347 erunt
223 2287 342 2365 anguli,
384 2287 437 2363 qui
478 2290 549 2345 sunt
589 2306 680 2363 supra
716 2287 820 2364 basim,

93 2378 221 2452 equales
261 2377 342 2454 Ergo
364 2376 491 2453 angulus
509 2377 569 2434 ede
588 2379 632 2434 est
651 2377 765 2451 equalis
784 2377 895 2454 angulo
913 2377 983 2444 aed,
1007 2377 1110 2438 maior

53 2475 78 2514 25
92 2465 230 2525 videlieet
248 2465 362 2539 minori,
382 2463 462 2540 quod
481 2466 526 2522 est
545 2466 727 2523 eontrarium
745 2469 776 2524 et
789 2463 980 2540 impossibile.
1019 2463 1110 2534 Quod

93 2554 118 2612 si
150 2554 269 2630 dixerit,
301 2553 380 2629 quod
408 2552 559 2630 egreditur
585 2554 676 2611 aliam
704 2555 780 2622 aab,
814 2554 871 2611 erit
898 2553 1111 2630 magisterium

93 2643 155 2702 eius
177 2633 335 2718 turpius.⁸)
377 2642 418 2700 Et
440 2640 516 2698 illud
539 2644 592 2716 est,
616 2642 696 2717 quod
719 2641 921 2701 demonstrare
944 2641 1109 2704 voluimus.

181 2731 266 2806 Hoo,
308 2730 401 2805 quod
438 2730 602 2804 sequitur
637 2731 755 2790 Ynmos
792 2750 876 2790 vero
913 2730 1110 2794 undecimo

93 2811 341 2895 theoremati4)
367 2818 517 2876 addidit.

99 2940 311 2950 ...—-.—.....-——-

988 1573 1010 1609 a

165 3012 206 3060 28.
226 3004 343 3076 Yrinus]
363 3006 439 3060 ann⁹.

166 3188 192 3254 1)
211 3183 346 3238 Euonmrs
364 3182 385 3252 I,
405 3190 432 3238 9:
457 3184 564 3238 Datum
582 3184 714 3253 auquluue
729 3200 780 3253 per
797 3185 907 3252 equatio
925 3199 1022 3239 serare.

165 3259 192 3326 ἓ)
205 3256 329 3309 Procius
344 3260 403 3322 273,
419 3261 498 3322 llsq.
513 3286 548 3294 —
564 3257 591 3324 3)
607 3254 689 3323 Apud
702 3255 832 3308 Paoouuu
846 3260 906 3321 274,
923 3259 955 3308 10
963 3271 1003 3322 sq.
1020 3254 1112 3311 etiam

96 3326 234 3381 secundus
253 3343 334 3380 easus
353 3326 568 3380 demonstratur.

165 3399 192 3465 4)
210 3397 346 3451 Eudamus
361 3397 381 3465 I,
397 3401 441 3449 11:
465 3397 544 3450 Data
564 3397 637 3451 liuea
654 3403 726 3451 reeta
745 3413 763 3450 a
777 3402 880 3465 purwto
898 3398 930 3450 e‘u
948 3412 980 3449 ea
998 3398 1111 3468 rigueto

53 3518 59 3527 .
91 3470 342 3538 perpendicularem
364 3468 502 3522 extrahere
525 3469 629 3522 duobus
652 3469 760 3537 quidem
782 3468 893 3539 aurulis
915 3467 1058 3537 equalibus
1076 3487 1112 3525 ae

94 3541 174 3597 reetia
192 3541 326 3610 utrimque
344 3539 498 3593 subnixam.
