2316 3840
402 149 453 204 AD
471 149 657 206 EUOLIDEM
674 149 740 204 LIB.
755 150 775 205 Ι.
1050 150 1092 214 69

10 390 13 395 ,
61 320 190 381 scilicet
210 318 379 379 extrinseco
398 318 455 378 sibi
474 318 623 395 opposit03
647 321 677 377 et
696 317 795 394 etiam,
814 318 884 395 quia
902 319 1094 378 manifestum

59 414 119 486 est,
146 407 239 485 quod
258 408 363 485 anguli
382 409 526 468 coalterni
544 411 614 467 sunt
632 408 761 483 equales,
785 407 893 467 addam
911 427 981 485 ergo
1001 427 1093 485 augu-

10 494 15 513 ’“
58 500 132 558 lum
158 499 228 557 dre
253 515 452 572 communem3
476 515 545 575 ergo
569 497 627 554 duo
651 496 756 572 anguli
778 498 846 571 dcc,
869 501 926 572 ccl,
950 497 1002 573 qui
1023 497 1093 555 duo·

10 590 16 645 ,¹
57 589 119 647 bus
141 586 244 647 rectis
264 589 422 662 aquantur,
444 587 515 644 sunt
533 586 653 661 equales
672 585 786 644 duobus
806 586 921 663 angulis
940 587 1007 661 ter,
1021 587 1093 646 dac:

10 670 14 739 l
59 695 140 754 ergo
175 675 242 733 duo
272 675 376 752 anguli
402 674 568 749 intrinseci,
597 674 649 749 qui
672 675 742 731 sunt
765 673 796 730 in
818 676 904 749 parte
927 694 1000 750 una,
1024 677 1094 732 sunt
1121 685 1134 725 5

60 766 201 842 equales
236 762 352 822 duobus
383 763 484 839 rectis3
522 765 552 821 et
582 762 659 821 illud
690 765 749 836 est,
782 763 862 837 quod
893 764 1094 823 demonstrare

60 854 240 915 voluimus.

135 941 219 1002 Alia
255 943 376 1016 quarta:
408 939 445 998 Si
476 939 574 998 linea
605 941 704 997 recta
736 938 832 997 inter
861 941 950 998 duas
976 942 1094 998 rectas

60 1032 197 1092 lineas
211 1029 466 1106 protrahatur,
480 1030 515 1087 et
529 1028 668 1088 fuerint
683 1026 750 1086 duo
765 1029 889 1105 anguli
904 1028 1095 1102 coalterni,

61 1139 162 1199 quos
180 1118 266 1194 ipsa
280 1136 358 1176 cum
372 1116 506 1176 duabus
520 1116 629 1176 lineis
642 1117 923 1192 comprehendit,
935 1119 1094 1194 equales,
1109 1131 1135 1169 1⁰

62 1215 133 1272 aut
165 1206 290 1266 fuerit
319 1206 472 1283 angulus
496 1206 718 1265 extrinsecus
742 1208 872 1283 angulo
896 1201 1094 1266 intrinseco

10 1310 15 1365 l
63 1299 143 1360 sibi
178 1295 353 1372 opposito
377 1295 533 1370 equalis,
561 1297 624 1354 aut
646 1294 783 1353 fuerint
807 1296 872 1354 duo
897 1295 1019 1372 anguli
1042 1296 1094 1352 in·

10 1372 14 1475 J
62 1385 251 1460 trinseci,
288 1383 350 1460 qui
380 1386 465 1443 sunt
495 1383 531 1442 in
562 1385 666 1460 parte
697 1402 779 1459 una,
817 1384 953 1442 duobus
984 1384 1094 1442 rectis

10 1484 13 1545 ξ
62 1476 248 1554 equaleS‚
270 1472 337 1532 due
359 1472 455 1531 lineo
478 1475 585 1531 erunt
608 1471 883 1547 equidistantes

10 1562 14 1569 '
137 1561 288 1638 Exempli
307 1579 399 1620 causa
417 1561 478 1620 sint
495 1560 552 1620 due
571 1562 648 1619 lineo
667 1561 717 1635 ob,
734 1563 786 1636 pel,
809 1581 897 1637 super
915 1579 989 1636 quas
1008 1559 1135 1619 cadat15

10 1658 13 1693 ²
60 1657 155 1714 linea
184 1670 234 1726 ez,
258 1671 316 1726 que
341 1669 408 1710 cum
432 1650 473 1710 eis
498 1651 649 1710 contineat
672 1650 810 1726 anguIOS,
833 1650 994 1710 seeundum
1017 1649 1096 1726 quod

10 1766 13 1823 ξ
61 1741 285 1803 narravimus:
314 1739 380 1798 dico
408 1739 515 1816 igitur,
542 1734 663 1817 (quod)
692 1738 749 1797 due
775 1738 852 1798 linee
876 1742 931 1814 ab,
956 1740 1002 1813 qd
1025 1742 1096 1797 sunt

10 1828 13 1845 ¹
661 1827 884 1903 equidistantes.
931 1828 1073 1887 Probatio

10 1928 14 1979 Ι
70 1961 92 2014 b
303 1945 322 1976 e
563 1894 605 2004 ‘a
646 1915 716 1976 eius.
750 1915 905 1993 Quoniam,
924 1917 950 1975 si
965 1935 998 1977 ec
1016 1917 1096 1975 linea

287 1978 315 2242 l!
645 2004 736 2062 fuerit
753 2005 1015 2082 perpendicularis
1033 2023 1094 2064 ma·
1109 2017 1135 2055 2⁰

10 2096 12 2137 ἱ
645 2093 787 2152 nifestum
824 2097 881 2169 est,
922 2095 1001 2169 quod
1038 2093 1095 2151 due

65 2166 97 2221 d
236 2208 256 2246 ι
580 2177 610 2235 «9
645 2181 722 2240 linee
752 2185 806 2258 ob,
830 2184 875 2257 φά
911 2185 983 2240 sunt
1014 2181 1094 2257 equi-

646 2270 789 2330 distantes
804 2273 926 2347 propter
937 2271 1002 2344 hoc,
1017 2269 1095 2345 quod

60 2357 230 2440 precessit
252 2356 285 2414 iu
303 2355 430 2415 secunda
448 2355 621 2433 figurarum,
645 2378 703 2434 que
726 2363 796 2417 sunt
815 2358 923 2419 addite.
962 2357 1046 2427 Quod
1070 2357 1096 2417 si

61 2453 159 2511 linea
172 2464 209 2506 cz
218 2464 282 2505 non
290 2444 382 2503 fuerit
390 2445 654 2520 perpendicularis,
670 2467 740 2524 ergo
750 2448 922 2523 protraham
933 2450 1096 2524 apunctoe
1110 2457 1135 2498 25

63 2540 110 2602 ad
124 2537 250 2597 lincam
261 2535 306 2608 qd
318 2533 602 2609 perpendicularem,
617 2555 673 2610 que
689 2537 729 2595 sit
742 2538 786 2596 elc.
811 2537 842 2596 Si
857 2556 926 2614 ergo
942 2537 1096 2614 anguluse

61 2626 175 2689 fuerit
199 2625 310 2698 rectus,
334 2625 406 2681 tunc
424 2623 617 2682 manifestum
640 2628 686 2683 est
709 2625 814 2700 etiam,
837 2626 916 2702 quod
939 2627 995 2685 due
1018 2627 1095 2686 lineo

63 2719 127 2792 ab,
152 2713 203 2788 qd
232 2714 303 2769 sunt
329 2711 544 2786 equidistantes
566 2716 690 2788 propter
711 2714 776 2790 hoc,
798 2714 877 2791 quod
899 2715 1042 2790 precessit
1064 2716 1095 2772 in

61 2807 181 2883 figura
212 2800 306 2858 tercia
336 2800 443 2858 harum
473 2800 649 2878 figurarum,
682 2823 740 2878 que
773 2804 930 2863 adduntur.
982 2803 1040 2863 Sed
1070 2803 1096 2862 si

62 2889 214 2972 angulus
244 2906 258 2946 c
283 2906 343 2946 non
369 2889 460 2947 fuerit
486 2893 584 2948 rectus
612 2895 683 2950 tunc
711 2893 872 2967 producam
899 2912 917 2951 a
945 2895 1057 2968 puncto
1081 2902 1135 2949 0³⁰

61 2976 360 3062 perpendicularem
382 2995 472 3053 super
495 2980 540 3052 cle,
563 2980 811 3054 quemadmodum
834 2981 1028 3040 manifestum
1051 2984 1096 3040 est

62 3092 106 3133 ex
138 3064 305 3128 undecima
331 3065 439 3143 figma,
467 3066 565 3143 sitque
588 3068 667 3127 linea
691 3071 727 3128 el.
773 3070 853 3147 Ergo
878 3071 933 3128 due
957 3070 1033 3128 linee
1058 3071 1095 3144 cl,

59 3162 114 3239 qd
146 3157 226 3217 sunt
253 3153 478 3230 equidistanteS,
507 3175 576 3233 ergo
605 3157 707 3233 anguli
734 3177 836 3217 eorum
860 3159 1004 3217 coalterni
1027 3161 1096 3216 sunt

62 3247 214 3327 equales,
236 3242 314 3318 quod
331 3241 480 3320 „equalis“
500 3248 616 3303 constat
635 3265 670 3303 ex
688 3246 863 3321 probatione
881 3247 975 3324 figure
989 3248 1095 3305 harum

59 3341 249 3417 figurarum
279 3332 376 3391 tercie.
426 3333 507 3410 Ergo
534 3334 737 3410 unusquisque
766 3336 891 3395 duorum
918 3336 1095 3412 angulorum
1109 3344 1135 3385 ³5

147 3527 177 3576 8.
199 3517 269 3573 Alia
287 3517 373 3573 tercia
401 3551 434 3560 -
452 3524 493 3573 30.
515 3519 635 3591 angulus
655 3539 668 3580 c
687 3523 759 3598 nou]
779 3521 905 3596 angulus
924 3523 1059 3577 estnon.
