2340 3834
387 154 437 210 AD
456 154 640 210 EUCLIDEM
658 154 724 210 LIB.
739 155 759 209 I.
1035 155 1075 218 61

59 322 273 402 probationem
304 323 399 402 igitur
426 325 521 402 figure
550 323 653 400 quinte
682 326 768 383 erunt
796 323 855 382 duo
883 322 985 400 anguli
1012 324 1078 382 bdu

60 417 94 473 et
118 414 187 473 bod
205 413 333 489 equales,
357 416 388 472 et
406 412 543 472 similiter
565 413 624 472 duo
648 413 751 490 anguli
767 431 839 487 peu,
860 430 925 487 yae
948 412 1076 487 equales.

63 502 126 561 Sed
147 502 272 579 angulus
291 503 358 562 adb
377 505 423 561 est
439 502 534 561 maior
552 502 663 579 angulo
682 504 757 576 dap,
776 520 846 579 ergo
866 502 992 578 angulus
1012 502 1077 560 odb

67 592 170 650 multo
197 591 293 650 maior
320 592 430 668 angulo
451 609 523 665 yae.
568 591 609 649 Et
632 590 769 649 similiter
792 590 969 665 ostenditur,
998 589 1078 666 quod

62 681 199 757 angulus
213 698 274 754 osy
292 682 337 738 est
355 680 451 740 maior
469 681 580 757 angulo
595 681 669 739 bad.
705 679 802 737 Multo
822 697 891 755 ergo
908 678 1076 737 eoniunotio
1104 689 1117 729 5

63 769 193 828 duorum
215 769 393 845 angulorum
415 770 490 838 adb,
512 787 574 843 aeq
597 772 642 828 ost
663 767 759 827 maior
782 767 986 827 coniunctione
1006 768 1076 826 duo·

64 878 133 916 rum
158 859 335 935 angulorum
358 860 432 925 bad,
453 876 525 932 poe.
571 856 629 917 Sed
650 856 711 915 iam
733 857 793 914 fuit
816 859 972 932 ostensum,
997 856 1077 932 quod

63 946 125 1022 ipsi
149 949 220 1005 sunt
243 946 284 1005 eis
308 947 436 1023 equales,
461 946 541 1022 quod
563 949 608 1005 est
631 944 812 1006 eontrarium
834 947 863 1002 et
881 945 1075 1021 impossibile3

64 1038 97 1094 et
118 1035 196 1092 illud
219 1038 271 1110 est,
295 1035 376 1111 quod
398 1036 600 1095 demonstrare
622 1034 781 1094 voluimus.

134 1123 287 1182 Additio
309 1125 430 1200 figure
453 1123 621 1183 vicesimo
645 1115 810 1203 quarte.¹)
1059 1174 1066 1190 ,
1091 1135 1116 1173 1⁰

134 1211 168 1270 Si
194 1212 275 1271 linea
297 1214 569 1288 depromebatur,
597 1213 688 1271 donee
711 1211 751 1270 sit
773 1210 888 1287 equalis
910 1209 998 1268 lateri
1020 1228 1075 1284 ay,

61 1304 96 1360 et
118 1302 225 1377 postea
247 1301 433 1376 producatur
454 1303 491 1360 eb
515 1301 629 1376 equalis
652 1301 729 1359 lineo
753 1302 805 1374 by,
833 1317 902 1376 ergo
926 1298 1075 1374 seperabi-

60 1393 117 1448 tur
144 1392 289 1465 punctum
314 1409 344 1465 a,
376 1393 406 1449 et
432 1390 587 1466 proveniet
614 1389 782 1466 triangulus
810 1389 880 1448 dhe.
931 1386 989 1445 Sed
1015 1387 1076 1445 iam

58 1480 217 1555 protracte
232 1482 303 1538 sunt
316 1499 334 1538 a
349 1479 464 1538 duabus
480 1478 714 1538 extremitatibus
729 1478 817 1536 unius
830 1478 961 1536 laterum
973 1475 1075 1552 ipsine,

449 1689 477 1726 a
838 1655 864 1706 d

10 2051 18 2293 ι
189 1737 556 2223 ,Δ
582 1716 941 2202 Λ

10 2296 18 2417 f
63 2327 146 2404 quod
170 2328 216 2384 est
238 2327 289 2400 de,
313 2324 368 2382 due
389 2325 475 2400 lineo,
499 2344 555 2400 que
575 2327 644 2382 sunt
661 2326 709 2399 da,
729 2342 770 2400 ea,
794 2343 921 2400 quarum
939 2324 1073 2383 extremi·
1089 2336 1114 2376 15

10 2484 12 2491 Ι
10 2413 173 2475 tates
165 2435 197 2472 1n
214 2416 326 2489 puncto
344 2432 361 2473 a
378 2413 458 2471 infra
475 2413 662 2514 triangulum
680 2416 866 2472 concurrunt.
908 2412 1075 2471 Secundum

64 2502 273 2579 probationem
299 2501 392 2579 igitur
418 2501 512 2579 figure
539 2501 677 2561 vicesime
703 2500 797 2577 prime
826 2502 883 2559 erit
905 2502 1074 2561 ooniunetio

66 2592 197 2651 duorum
219 2592 347 2649 laterum
371 2608 414 2658 ea,
437 2592 477 2649 da
498 2590 596 2650 minor
614 2590 818 2649 ooniunotione
838 2590 966 2649 duarum
982 2591 1074 2649 linea-

65 2701 133 2738 rum
166 2680 222 2748 db,
249 2680 288 2737 be
318 2679 349 2736 in
381 2679 460 2737 linea
491 2698 551 2737 una
577 2679 755 2754 positarum,
788 2679 874 2754 quasi
900 2679 979 2736 linea
1006 2699 1073 2738 una.

68 2769 126 2827 Sed
148 2770 231 2826 latus
253 2769 296 2826 db
319 2770 364 2826 est
386 2768 491 2843 equale
513 2767 602 2826 lateri
624 2769 672 2843 da,
694 2770 828 2826 remanet
851 2787 920 2844 ergo
939 2770 1018 2826 latus
1038 2770 1074 2826 eb
1088 2779 1114 2819 20

65 2858 164 2916 maius
195 2856 283 2915 lateri
316 2874 357 2917 ez.
407 2855 599 2915 Manifestum
629 2859 674 2914 est
706 2859 805 2914 autem
838 2876 872 2914 ex
898 2857 1074 2931 probatione

65 2946 162 3024 figure
191 2946 309 3021 quarte,
337 2945 416 3021 quod
442 2944 521 3003 basis
549 2947 585 3003 eb
613 2947 658 3003 est
688 2944 801 3021 equalis
827 2945 893 3003 basi
916 2946 967 3019 by:
995 2945 1074 3004 basis

140 3138 181 3187 19.
202 3131 294 3202 quasi]
313 3130 387 3199 quia.

140 3312 166 3380 1)
185 3308 320 3362 Enonmue
338 3309 359 3378 Ι,
378 3315 424 3364 24:
454 3309 581 3364 Omnium
598 3311 715 3365 duorum
732 3309 942 3378 trioupuloraoa
960 3324 1074 3377 quoram

66 3383 122 3437 duo
145 3381 233 3436 lutera
255 3381 339 3435 aurias
361 3381 466 3434 duobus
488 3380 618 3434 lateribus
640 3381 752 3434 alterius
774 3381 879 3446 fuerint
901 3380 1022 3447 equatio,
1050 3381 1075 3432 si

65 3452 152 3520 fuerit
170 3452 335 3522 uapularem
351 3452 401 3506 aab
415 3452 472 3504 illis
485 3453 560 3520 equis
574 3452 702 3506 luteribus
715 3457 900 3506 contentorum
913 3451 981 3504 alter
995 3451 1074 3504 alteri

64 3525 164 3591 aroior,
182 3525 256 3579 basia
272 3539 375 3592 quoque
393 3523 453 3577 bosi
470 3522 583 3577 ulterius
600 3523 688 3577 motor
706 3525 764 3577 erit.
