2316 3840
102 192 168 257 350
386 189 552 245 ANARITH
570 186 826 244 COMMENTARII

101 361 298 434 manicantes,
326 362 356 417 et
384 360 423 418 ed
449 357 648 417 communicat
675 373 711 430 eq
733 356 765 415 in
787 355 990 434 longitudine,
1019 360 1050 416 et
1067 358 1111 431 ed

101 448 299 509 communicat
329 449 369 507 dc
399 446 431 505 in
462 445 662 524 longitudine,
695 448 725 504 et
754 446 796 519 dy
823 449 870 504 est
895 446 1054 505 rationalis
1079 446 1112 504 iu

100 538 235 613 potentia
258 539 289 595 et
311 537 444 596 seiuncta
466 537 508 595 ab
530 535 562 593 in
584 534 779 612 longitudine,
802 537 832 593 et
854 539 885 593 te
907 538 954 594 est
976 534 1110 594 medialis

100 628 131 684 et
154 629 200 686 est
222 625 336 701 equalis
359 627 404 700 ql:
427 643 497 701 crgo
521 626 554 698 ql
577 627 622 682 est
643 623 788 698 medialis,
811 625 841 681 et
861 624 928 700 ipsa
947 627 994 682 est
1011 643 1109 700 super-

74 714 180 776 eficies
212 716 252 788 qf
275 715 307 773 in
333 716 385 789 fc,
418 734 475 790 que
503 711 541 771 ab
569 714 611 771 eis
639 712 819 772 continetur:
851 732 922 790 ergo
950 714 992 787 qs
1016 715 1046 771 et
1071 715 1110 786 fn

100 807 170 863 sunt
201 803 341 862 mediales
374 806 404 861 et
434 803 466 861 in
492 801 627 878 potentia
653 804 774 860 tantum
801 801 1053 861 communicantes
1080 805 1110 877 et

101 894 284 952 continentes
308 891 473 950 mediatem.
518 891 599 968 Ergo
622 908 665 963 qo
688 892 733 948 est
753 889 916 948 himodium
939 891 1109 965 secundum,

101 985 131 1042 et
157 982 223 1057 ipsa
248 984 294 1039 est
315 983 420 1057 potens
443 997 535 1055 supra
557 978 741 1054 superficiem
764 980 811 1053 33.
856 977 943 1048 Quod
966 980 993 1039 si
1015 980 1108 1058 longi-

98 1071 172 1128 tudo
191 1069 355 1145 superficiei
372 1070 450 1128 foret
467 1067 618 1126 residuum
637 1068 771 1142 tercium,
788 1070 894 1143 potens
909 1087 1001 1143 supra
1013 1069 1108 1145 ipsam

60 1164 178 1218 mosset
200 1159 380 1235 superfluum
403 1158 481 1215 iuter
504 1174 562 1214 eas.

188 1247 299 1306 Linea
325 1251 452 1322 potens
480 1263 588 1321 supra
614 1264 748 1304 omnem
771 1245 1006 1321 superficiem
1028 1265 1105 1306 eon·

98 1339 235 1396 tentam
258 1354 276 1394 a
298 1335 455 1395 binomio
479 1337 621 1410 quarto,
644 1325 718 1414 (que
741 1336 787 1392 est
808 1333 905 1411 figura
929 1329 1048 1414 43⁸)1),
1074 1337 1107 1393 et

98 1426 197 1484 linea
219 1424 397 1483 rationali
420 1426 474 1482 est
496 1415 650 1503 maior.²)

186 1513 278 1572 Verbi
305 1512 403 1590 gratia
430 1512 470 1570 sit
496 1511 664 1588 superficies
692 1512 731 1586 by
758 1529 776 1569 a
800 1511 881 1570 linea
904 1514 945 1572 ab
968 1512 1103 1572 rationali

59 1619 84 1659 13
99 1606 129 1661 et
155 1600 236 1663 linea
263 1620 316 1676 39,
345 1620 401 1676 que
429 1603 475 1660 est
495 1599 660 1659 binomium
683 1603 833 1676 quartum,
862 1604 1015 1661 contenta:
1043 1602 1102 1660 dico

99 1691 199 1769 igitur,
223 1690 302 1766 quod
323 1689 403 1748 linea
425 1694 531 1765 potens
554 1707 643 1765 supra
666 1689 850 1764 superficiem
873 1692 913 1764 by
936 1693 983 1749 est
1005 1691 1101 1764 maior,

98 1780 178 1856 quod
208 1780 253 1837 ita
283 1777 436 1853 probatur.
486 1777 644 1837 Reiterabo
675 1795 802 1854 numque
834 1779 910 1838 duas
939 1780 1101 1856 superficies

192 2716 366 2768 att

95 2881 162 2921 eum
189 2864 267 2924 uotis
295 2864 368 2938 suis,
397 2867 426 2922 et
454 2863 493 2922 sit
520 2864 564 2922 od
592 2863 625 2938 6,
658 2864 688 2919 et
715 2862 757 2934 dy
784 2860 823 2918 sit
849 2859 934 2918 radix
964 2863 1018 2920 12:
1047 2859 1150 2918 eri<

94 2971 164 3028 crgo
187 2955 256 3028 post
279 2953 453 3012 divisionem
476 2952 556 3010 linea
579 2968 618 3011 33
642 2953 660 3009 3
686 2952 715 3010 et
737 2949 822 3008 radin
846 2950 875 3024 6,
899 2952 929 3008 et
953 2950 1015 3009 eius
1034 2953 1150 3007 are&

55 3052 81 3092 2⁰
97 3043 136 3099 12
166 3043 196 3099 et
222 3041 307 3099 radix
336 3043 390 3116 363
419 3044 449 3099 et
472 3042 512 3100 da
536 3042 554 3098 3
579 3039 689 3116 absque
712 3038 809 3097 radice
835 3039 868 3113 6,
896 3042 926 3097 et
949 3057 1020 3097 area
1041 3036 1095 3095 eiu.-
1118 3070 1150 3083 κ

166 3284 192 3350 1)
219 3279 355 3334 Euoumns
378 3279 416 3348 X,
436 3286 470 3333 43
498 3281 650 3350 (Genusum
673 3279 711 3347 X,
731 3284 778 3347 453
805 3260 1150 3349 Hnmnuo1nsX,51,(..

94 3351 147 3407 cfr.
166 3371 193 3421 p.
209 3357 260 3405 333
278 3353 336 3405 not.
352 3357 376 3406 2.

165 3422 338 3495 2)Eucnm1e
357 3421 477 3476 Cunnum
494 3421 532 3491 X,
552 3426 584 3474 51
605 3421 760 3491 (Hnmnucn
777 3421 815 3490 Χ,
835 3424 893 3492 57);
917 3417 1150 3478 seducere:1

81 3496 189 3552 33333
208 3497 383 3568 3333333333
407 3499 507 3567 quanto
535 3493 686 3562 uacuefacies
707 3492 891 3561 contineater,
919 3511 969 3563 que
990 3494 1021 3546 iu
1040 3492 1150 3545 eof

69 3570 253 3639 Susteffflw'em
265 3578 370 3644 potest,
390 3569 527 3628 cattiaco
545 3566 645 3621 moion.
