2340 3834
389 194 440 250 AD
458 193 643 250 EUCLIDEM
661 194 727 249 LIB.
743 195 763 249 I.
1038 192 1078 256 77

60 364 198 440 angulus
227 364 292 438 bag
318 367 364 422 est
391 364 505 439 equalis
533 365 643 442 angulo
674 365 740 439 edi,
768 382 837 441 ergo
862 363 942 422 basis
970 364 1009 436 bg
1036 364 1081 421 est

62 453 185 528 equalis
204 453 270 512 basi
288 458 326 527 et,
344 456 375 512 et
387 451 556 530 triangulus
570 454 635 527 abo
654 456 699 512 est
717 453 833 528 equalis
851 451 1003 529 triangulo
1018 452 1080 510 det.

62 543 110 600 Εὴ
134 542 207 618 quia
230 542 287 601 duo
310 542 455 619 trianguli
478 543 544 617 det,
567 544 627 602 dee
649 545 718 601 sunt
746 560 836 617 supra
864 560 955 600 unam
977 540 1081 615 basim,

59 650 128 708 que
149 634 195 690 est
212 633 260 706 de,
283 632 313 689 et
330 631 408 690 inter
425 631 501 690 duas
518 631 613 690 lineas
628 631 850 707 equidistanteS‚
870 649 926 706 que
945 632 1015 688 sunt
1033 630 1081 706 de,

61 726 107 797 tr,
122 739 195 797 ergo
209 720 372 781 seeundum
385 720 591 796 probationem
603 720 696 796 figure
708 721 762 778 37Θ
777 720 833 778 erit
847 720 1017 795 triangulus
1027 720 1083 778 det
1108 728 1121 769 5

62 809 188 886 equalis
210 787 362 888 triangulo
386 811 453 869 dee.
500 807 558 867 Sed
579 809 641 867 iam
663 808 721 867 fuit
745 810 902 883 ostensum,
927 807 1005 884 quod
1028 807 1080 866 tri·

62 898 200 976 angulus
218 900 273 959 det
291 900 336 957 est
354 897 470 974 equalis
488 898 639 976 triangulo
654 899 730 973 uby,
750 917 819 975 ergo
833 897 1004 975 triangulus
1019 899 1082 971 abo

61 989 114 1046 est
138 987 256 1062 equalis
278 987 431 1065 triangulo
454 989 528 1062 dem
552 990 582 1046 et
604 986 680 1045 illud
702 989 754 1062 est,
779 986 858 1062 quod
881 986 1081 1045 demonstrare

59 1074 229 1136 voluimus.

161 1164 202 1223 Et
229 1164 319 1223 etiam
345 1184 468 1242 ponam,
500 1167 534 1223 ut
565 1165 624 1223 duo
657 1165 759 1243 anguli
788 1166 863 1240 bag,
893 1159 995 1242 (eda)
1023 1163 1123 1222 sint10

59 1253 201 1312 minores
224 1253 337 1312 duobus
360 1253 461 1330 restis,
490 1257 520 1313 et
542 1257 578 1312 ut
600 1255 727 1332 angulus
751 1255 815 1328 bag
842 1254 881 1312 sit
908 1251 1003 1311 maior
1031 1271 1081 1310 an-

58 1343 142 1421 gulo
172 1344 243 1418 ede,
274 1345 303 1401 et
330 1343 409 1402 latus
437 1345 478 1403 ab
505 1343 545 1402 sit
568 1344 672 1418 equale
695 1343 784 1400 lateri
806 1345 857 1419 de,
885 1343 916 1399 et
937 1342 1018 1399 latus
1041 1359 1083 1414 ag

58 1431 180 1507 equale
200 1426 331 1510 (lateri)
349 1433 401 1508 de,
426 1435 455 1491 et
474 1432 635 1508 ostendam,
659 1431 736 1490 sieut
754 1431 838 1506 prius
857 1428 980 1504 ostendi,
1004 1428 1083 1505 quod

69 2317 244 2394 triangulus
273 2317 337 2390 abo
364 2318 409 2375 est
435 2315 530 2374 maior
560 2315 711 2394 triangulo
739 2317 810 2391 dea,
844 2319 873 2374 et
906 2317 1085 2375 constituam

74 2406 221 2484 angulum
239 2406 300 2464 edi
318 2406 454 2480 equalem
473 2406 583 2482 angulo
603 2407 676 2481 boo,
700 2408 730 2464 et
747 2404 910 2480 producam
928 2405 1038 2463 lineam
1055 2410 1088 2465 εἰ
1100 2415 1125 2456 15

81 2493 307 2569 equilistautem
329 2493 406 2551 lineo
429 2495 476 2553 ed.
521 2493 562 2552 ut
590 2492 661 2568 quia
691 2494 857 2553 coniunctio
886 2493 1012 2553 duorum
1035 2513 1085 2552 an-

85 2583 216 2658 gulorum
235 2584 305 2656 boo,
325 2583 384 2641 eda
402 2583 447 2641 est
464 2582 561 2641 minor
579 2581 694 2641 duobus
715 2582 811 2657 rectis,
831 2601 900 2660 ergo
919 2582 1086 2641 eoniunotio

90 2669 203 2728 luorum
225 2671 401 2748 angulorum
429 2668 518 2746 (edi,
547 2669 626 2746 eda>
654 2672 699 2729 est
725 2671 822 2729 minor
849 2670 962 2730 duobus
989 2671 1086 2730 reotis.

52 2753 81 2801 2⁰
95 2754 143 2815 seu
165 2759 330 2818 coniunctio
357 2759 483 2818 duorum
511 2760 689 2837 angulorum
716 2761 771 2818 eut
789 2752 793 2840 l
814 2761 869 2819 ota
900 2761 945 2818 est
972 2760 1086 2835 equalis

39 2858 42 2863 ’
98 2843 194 2907 duobus
210 2847 306 2923 rectis,
326 2867 404 2926 ergo,
423 2868 490 2907 oum
507 2849 640 2907 minuero
658 2849 802 2925 angulum
821 2867 1005 2907 communem
1025 2851 1085 2924 eds,
1101 2856 1127 2895 2⁰

100 2937 243 2995 remanebit
256 2937 384 3014 angulus
399 2939 457 2998 edo
470 2938 567 2997 minor
581 2938 690 3015 angulo
705 2938 767 2996 doz.
806 2935 863 2995 Sed
882 2939 1009 3014 angulus
1030 2939 1089 2997 edu

100 3021 133 3076 est
144 3025 253 3099 equalis
267 3025 378 3102 angulo
392 3027 459 3102 det,
474 3026 545 3101 quia
560 3030 630 3085 sunt
642 3025 794 3100 coalterni,
809 3044 878 3101 ergo
893 3027 1020 3102 angulus
1034 3027 1091 3085 det

22 3151 23 3155 =
96 3107 129 3161 Oti
141 3113 235 3173 minor
249 3114 358 3190 angulo
369 3115 436 3188 ote,
451 3133 520 3191 ergo
536 3115 697 3174 seeundum
709 3113 915 3190 probationem
928 3114 1023 3191 figure
1036 3117 1089 3176 19Θ

92 3193 137 3284 0}st
164 3201 239 3262 latus
261 3205 297 3262 ot
318 3201 417 3261 miuus
439 3203 528 3261 lateri
550 3204 597 3263 da.
642 3204 756 3262 Ponam
780 3221 859 3280 ergo,
887 3206 921 3261 ut
944 3204 1023 3262 latus
1047 3204 1090 3263 dt

85 3280 112 3334 Μ
144 3292 252 3365 equale
277 3291 368 3350 lateri
394 3292 445 3365 da,
475 3294 505 3350 et
532 3292 710 3369 coniungam
738 3292 782 3351 eh.
837 3292 916 3369 Ergo
943 3292 1023 3350 linea
1046 3292 1089 3350 dt
1103 3301 1128 3341 2⁵

80 3367 110 3422 ⁰⁸⁸
138 3380 259 3454 equalis
277 3399 326 3455 oq,
350 3381 381 3437 et
398 3380 477 3438 linea
495 3383 535 3439 de
558 3383 602 3439 est
621 3381 734 3456 equalis
758 3383 808 3454 ob,
832 3382 861 3437 et
884 3380 1009 3457 angulus
1025 3382 1089 3451 hoq

72 3453 102 3508 θεῖ
138 3468 261 3542 equalis
280 3470 390 3547 angulo
414 3470 482 3545 det,
503 3489 572 3548 ergo
595 3469 760 3530 seeundum
775 3467 1110 3547 probationemque

66 3546 189 3610 llario
216 3556 271 3615 erit
297 3557 463 3634 triangulus
494 3562 562 3638 uby
591 3563 715 3641 equalis
746 3559 912 3639 triangulo
941 3555 1020 3614 oea.
1052 3544 1139 3625 ,W
