2340 3834
386 161 437 216 AD
454 161 640 217 EUOLIDEM
658 164 725 220 LIB.
740 164 760 219 I.
1034 165 1077 229 55

62 345 63 348 ’
157 327 190 387 Si
217 329 284 405 quis
312 328 432 389 dixerit:
460 330 563 407 Volo,
587 334 627 390 ut
651 351 669 392 a
691 335 825 409 puncto
849 352 881 402 a,
910 333 1002 409 quod
1024 337 1078 393 est

61 417 162 475 lineo
185 418 407 494 extremitas,
431 419 528 478 linea
550 424 649 479 recta
671 423 920 498 protrahatur,
944 442 1011 498 qne
1031 423 1078 482 sit

61 506 384 582 perpendicularis
412 525 517 583 super
544 509 676 568 lineam
698 512 748 572 ab.
795 511 924 589 Signabo
954 531 1023 588 ergo
1046 511 1078 569 in

62 595 147 654 linea
170 596 212 655 ab
234 597 425 672 punctum,
449 616 515 656 cum
538 617 597 673 quo
616 599 777 674 producam
795 600 1077 676 perpendicularem,

61 703 124 760 que
149 683 188 742 sit
207 687 266 758 qd,
294 684 372 744 sicut
395 687 546 744 ostensum
569 690 614 745 est
636 707 671 746 ex
693 688 868 789 probatione
893 688 1077 764 precedentis
1104 701 1117 740 5

62 772 169 850 figure.
221 771 268 832 Sit
300 774 401 850 itaque
432 775 596 850 protractio
622 764 706 851 αα
697 798 729 835 m
756 777 914 836 infinitum.
965 776 1076 836 Secabo

619 868 721 924 antem
730 867 824 943 exod
835 865 915 942 quod
924 865 964 924 sit
973 867 1077 941 equale

552 966 570 1000 e
617 954 694 1012 linee
718 972 773 1028 αα,
803 954 902 1029 sitque
924 954 1004 1013 linea
1024 956 1077 1028 qd,

619 1045 648 1101 et
669 1043 832 1119 producam
854 1043 1077 1119 perpendicula·

617 1152 680 1189 rem
724 1133 777 1209 dc,
828 1131 1077 1207 quemadmodum
1092 1147 1117 1184 ιο

617 1220 752 1295 protraxi
765 1219 864 1295 aliam,
879 1220 910 1276 in
918 1219 1076 1295 infinitum,

618 1311 649 1366 et
662 1308 794 1367 dividam
808 1309 950 1385 angulum
964 1309 1030 1381 cycl
1046 1308 1077 1365 in

551 1396 581 1437 Φ
618 1396 676 1456 duo
694 1397 792 1454 media
810 1415 876 1455 cum
894 1396 974 1455 linea
987 1398 1076 1472 recta,

618 1481 889 1562 <quemadmodum
938 1484 1076 1543 manifes-

60 1582 132 1637 tum
163 1571 229 1654 est>
261 1595 295 1632 ex
323 1574 498 1650 probatione
525 1573 620 1650 figure
647 1593 736 1648 none,
769 1577 799 1632 et
824 1574 985 1648 producam
1012 1591 1077 1631 eam
1091 1586 1116 1627 15

63 1668 160 1726 donec
178 1666 335 1723 concurrat
352 1663 429 1721 linee
452 1664 504 1728 dc,
528 1664 559 1720 et
580 1680 703 1738 ponam,
726 1665 762 1720 nt
783 1662 849 1737 ipsa
872 1664 1027 1721 concurrat
1049 1661 1078 1720 ei

61 1756 96 1814 in
109 1755 222 1830 puncto
237 1770 258 1811 θ.
288 1751 401 1809 Deinde
417 1751 601 1828 coniungam,
616 1751 697 1826 quod
711 1753 756 1810 est
768 1750 847 1808 inter
860 1750 917 1809 duo
931 1753 1044 1826 puncta
1058 1768 1078 1810 α

63 1846 96 1903 et
116 1861 138 1918 e,
161 1840 349 1917 producendo
369 1857 408 1898 αθ
429 1839 552 1899 lineam:
575 1839 640 1898 dico
664 1858 742 1916 ergo,
765 1838 847 1914 quod
868 1839 948 1896 linea
971 1856 1010 1899 αθ
1032 1840 1077 1898 est

64 1929 320 2007 perpendicularis
344 1947 433 2004 super
455 1928 565 1986 lineam
588 1928 630 1986 ab
653 1946 742 2003 supra
765 1929 909 2003 punctum
932 1945 958 1987 α.
1004 1927 1075 1986 Pro·

63 2017 149 2078 batio
173 2017 244 2076 eius.
286 2016 432 2086 Quoniam
455 2016 601 2075 nocuimus
623 2016 733 2075 lineam
754 2018 799 2090 pol
820 2015 859 2074 ad
882 2015 1077 2092 equalitatem
1091 2029 1117 2069 ao

63 2109 144 2166 linee
164 2125 222 2181 αα,
250 2106 281 2164 et
307 2105 430 2164 fecimus
458 2106 602 2182 angulum
625 2124 686 2179 ape
713 2105 848 2181 equalem
873 2105 982 2181 angulo
1006 2105 1076 2178 dyc,

64 2215 137 2274 ergo
150 2213 190 2270 qe
208 2193 363 2269 communi,
383 2214 418 2252 ex
433 2212 475 2269 eo,
495 2194 574 2268 quod
586 2194 779 2252 manifestum
793 2195 839 2251 est
852 2212 887 2251 ex
900 2192 1076 2268 probatione

61 2285 160 2363 'figure
197 2284 315 2358 quarte,
353 2282 410 2340 erit
446 2282 573 2359 angulus
607 2300 672 2357 ααθ
707 2281 822 2358 equalis
859 2281 969 2358 angulo
1004 2282 1076 2355 qdc.

64 2373 205 2451 Angulus
238 2373 339 2429 autem
363 2372 428 2446 yde
460 2373 505 2429 est
535 2372 647 2446 rectus,
680 2389 749 2448 ergo
782 2369 911 2447 angulus
939 2387 1000 2443 θαα
1031 2371 1077 2428 est

62 2465 175 2538 rectus,
198 2479 267 2537 ergo
291 2459 370 2518 linea
393 2477 433 2519 αθ
451 2461 496 2518 est
513 2458 766 2535 perpendicularis
785 2477 875 2533 supra
893 2461 1038 2534 punctum
1057 2471 1116 2518 aas

63 2551 144 2609 linee
168 2550 223 2623 ab3
247 2548 277 2607 et
299 2547 375 2606 illud
398 2550 454 2623 est,
478 2548 558 2624 quod
581 2548 781 2606 demonstrare
803 2546 960 2606 voluimus.

156 2636 253 2706 Quod
285 2636 462 2712 sequitur,
500 2636 663 2694 additum
694 2638 748 2695 est
780 2635 914 2694 decimo
947 2637 1075 2711 quarto

61 2717 325 2806 theoremati‚²)
367 2725 432 2784 Hoc
450 2727 552 2784 autem
570 2725 629 2784 alio
648 2725 735 2783 modo
753 2725 899 2800 probatm·
917 2723 1077 2783 secundum

62 2816 147 2875 viam
169 2812 364 2891 plenitudinis
388 2816 418 2872 et
440 2832 518 2872 usus.
563 2813 677 2872 Ponam
699 2812 810 2888 itaque,
832 2815 867 2871 ut
889 2831 908 2871 a
930 2815 1039 2888 puncto
1059 2813 1076 2871 b

61 2905 142 2963 linee
166 2905 207 2964 ab
231 2902 287 2960 due
309 2902 386 2960 linee
409 2904 449 2977 αα
472 2905 502 2960 et
520 2903 563 2961 bd
585 2902 644 2960 sint
667 2904 824 2978 protracte,
850 2905 880 2959 et
901 2900 1076 2977 provenient
1089 2915 1116 2955 eo

136 3078 179 3126 30.
199 3071 267 3142 sint]
287 3069 334 3125 sic.

138 3251 164 3318 1)
182 3248 305 3301 Paeones
325 3253 385 3316 281,
405 3254 470 3316 6sq.
491 3247 550 3302 sine
568 3247 710 3301 mentione
728 3247 857 3301 Hnaorus.

136 3321 164 3389 2)
182 3318 318 3372 Eccnmus
336 3319 357 3386 Ι,
373 3324 419 3373 14:
445 3319 477 3375 a·
503 3321 555 3374 duc
583 3320 651 3374 licea
678 3336 696 3372 α
715 3325 818 3387 pwrwto
845 3320 930 3372 welca
954 3320 1022 3374 αἀθθ
1045 3321 1076 3374 αα

60 3393 187 3447 diversos
201 3395 295 3458 poetes
311 3391 434 3457 exierint,
452 3393 570 3460 duosque
587 3392 661 3445 circa
678 3406 705 3443 se
718 3391 834 3459 capulos
847 3396 931 3444 rectos
944 3396 993 3443 oct
1009 3392 1075 3445 doo-

60 3464 114 3518 bua
135 3461 217 3585 rcctq's
239 3461 346 3530 equulos
366 3462 492 3529 fecerim,
519 3463 564 3516 illc
587 3463 639 3516 due
658 3461 726 3514 licre
750 3462 803 3515 sibl
821 3462 918 3515 directe
935 3462 1076 3515 coniuncte

59 3539 129 3589 eant
146 3538 172 3588 et
200 3532 263 3586 icco
281 3549 347 3587 ααα.
