2316 3840
118 174 182 239 318
405 173 570 228 ANAR-ITII
588 172 845 230 COMMENTARH
911 127 918 142 ·

117 342 198 418 quod
225 345 270 401 est
296 342 381 401 radix
408 346 607 402 trecentorum
634 342 743 420 viginti
770 362 805 402 ex
832 343 966 404 numeris
989 344 1112 403 adiuncto

116 432 225 493 decem
240 434 270 489 et
293 435 360 491 octo
383 451 418 489 ex
441 432 585 506 numeriS,
612 432 712 492 radice
734 432 811 508 eius,
835 432 915 508 quod
938 426 1137 511 aggregata,

116 523 246 595 accepta.
254 514 278 598 ¹)
336 519 412 579 Cum
448 539 518 598 ergo
550 520 648 580 minor
680 539 781 579 earnm
813 541 848 579 ex
880 522 1002 586 maiore⁴
1027 534 1150 584 earm

116 612 280 684 separatur,
302 612 437 668 remanet
459 609 648 685 superfluum,
672 609 752 685 quod
776 612 821 669 est
841 609 923 669 inter
946 629 1005 688 cas,
1031 615 1061 670 et
1079 616 1150 671 est

88 697 195 755 alinea
218 700 259 757 ab
282 698 395 774 absque
416 698 496 756 linea
515 699 566 773 by,
586 717 643 774 que
661 700 707 756 est
724 698 809 756 radix
827 698 930 757 decem
948 699 1012 758 sine
1030 698 1150 758 radice

115 788 190 844 octo.
231 787 312 864 Ergo
335 806 377 861 cy
400 787 559 846 coniuncta
580 788 627 846 est
648 786 812 852 binomium
833 786 1016 863 absolutum,
1039 792 1068 847 et
1086 789 1150 845 αἶ]

115 875 261 934 diminuta
291 895 326 935 ex
354 894 390 934 ea
417 878 456 949 bo
484 878 529 934 est
554 875 752 951 residuum,
784 879 816 934 et
841 876 942 952 ipsum
971 880 1017 936 est
1042 874 1150 936 radi]

113 967 314 1024 trecentorum
351 967 381 1023 et
412 964 520 1041 viginti
552 962 700 1023 diminuta
731 983 766 1022 ex
797 965 898 1024 decem
931 968 962 1024 et
994 969 1060 1024 octo
1104 980 1150 1020 er

114 1053 246 1113 numeris
269 1056 392 1128 accepta
413 1053 512 1112 radice
536 1052 607 1130 eius,
631 1052 711 1128 quod
729 1056 872 1113 remanet.
912 1053 1017 1130 Ipsum
1035 1053 1150 1130 igitm

74 1143 339 1201 denominatio
362 1143 449 1201 unius
472 1141 606 1200 radicum
630 1160 664 1198 ex
687 1143 791 1201 altera.

201 1231 291 1290 Volo
314 1231 479 1290 invenire
502 1229 693 1288 bimedium
712 1231 864 1306 primum
887 1234 922 1289 et
940 1231 1149 1291 residuum

112 1320 303 1379 bimediale
326 1320 486 1395 primum.
510 1355 513 1383 5

200 1410 283 1468 Duas
306 1408 410 1484 itaque
432 1408 528 1466 lineas
549 1407 691 1467 mediales
710 1410 740 1467 et
757 1407 788 1465 in
806 1407 945 1483 potentia
963 1399 1146 1468 communi·

112 1502 212 1557 cantes
237 1500 266 1556 et
289 1496 474 1572 superficiem
496 1497 674 1558 rationalem
695 1496 888 1570 continentes,
912 1516 1039 1573 quanam
1058 1496 1145 1552 101·

72 1600 97 1639 15
111 1587 177 1663 gior
191 1605 282 1662 supra
299 1585 465 1645 breviorem
482 1585 577 1661 possit
595 1585 755 1645 secundum
774 1588 971 1662 augmentum
985 1569 1145 1662 quadrat

111 1675 197 1750 linea,
220 1676 267 1733 cui
285 1675 403 1750 longior
420 1674 452 1731 in
470 1673 655 1751 longitudine
674 1673 881 1750 communicat,
905 1675 1036 1752 signabo,
1056 1673 1144 1744 (1¹2⁰

111 1765 170 1821 sint
202 1765 243 1822 ob
276 1766 306 1821 et
334 1764 385 1838 dy,
418 1765 449 1821 et
475 1763 539 1838 ipse
567 1763 627 1821 sint
653 1763 738 1821 radix
764 1757 917 1842 <radicis>
944 1766 1055 1822 centum
1114 1742 1147 1794 et

251 1932 269 2023 g
293 1915 377 1968 radix
385 1915 489 1969 radicis
499 1919 554 1968 108
578 1915 593 2022 ῙΙ)
637 1914 910 1976 rddixsddics's192
956 1935 974 2024 d

571 2091 660 2199 trad.
671 2092 731 2146 rad.
743 2095 798 2146 108
816 2109 834 2162 9
954 2111 972 2146 a

792 2243 794 2246 Ι
822 2163 965 2200 ι---ι

629 2253 714 2306 rodata
727 2253 832 2306 radicis
846 2255 903 2307 192

108 2403 271 2480 nonaginta
294 2402 421 2461 duorum
444 2405 474 2461 et
496 2401 580 2459 radix
602 2402 711 2462 radicis
734 2405 854 2460 centum
877 2404 908 2460 et
930 2405 1005 2462 octo,
1039 2391 1149 2460 eunt

108 2510 178 2569 ergo
202 2492 437 2568 coniungimur,
463 2489 520 2549 em't
541 2490 621 2548 linea
644 2510 697 2566 ay,
723 2511 780 2566 que
804 2493 849 2549 est
871 2490 1033 2549 bimedinm
1053 2489 1107 2566 pri·

68 2592 93 2632 ao
107 2599 200 2655 mum,
229 2579 310 2654 quod
338 2583 383 2639 est
410 2582 606 2656 aggregatum
635 2599 669 2637 ex
691 2580 790 2638 radice
812 2578 921 2638 radicis
944 2582 1062 2638 centum
1083 2583 1109 2638 et

107 2668 270 2745 nonaginta
298 2668 424 2727 duorum
451 2671 481 2726 et
506 2667 606 2726 radice
632 2668 741 2728 radicis
769 2671 888 2727 centum
916 2671 946 2726 et
975 2671 1054 2744 octo,
1084 2673 1112 2729 at

106 2756 206 2831 ipsum
234 2759 279 2815 est
305 2756 361 2814 duc
388 2757 501 2816 radices
528 2756 637 2833 viginti
663 2757 782 2814 milium
807 2759 836 2814 et
859 2756 1115 2834 septingentorum

107 2847 138 2902 et
159 2845 285 2920 triginta
308 2864 367 2920 sex,
391 2848 421 2903 et
442 2846 496 2903 hec
517 2849 562 2904 est
579 2845 664 2903 radix
682 2847 836 2923 octoginta
854 2845 982 2904 duorum
1000 2847 1118 2908 milium

107 2935 137 2990 et
169 2937 384 3010 nongentorum
416 2937 447 2992 et
479 2934 678 3010 quadraginta
711 2937 853 3010 quatuor,
885 2933 998 2994 additis
1029 2955 1119 3014 super

66 3035 92 3075 ao
108 3040 173 3079 eam
195 3022 344 3097 trecentis,
368 3025 490 3098 accepta
513 3023 578 3082 dico
605 3023 677 3099 eius,
701 3023 780 3099 quod
802 3026 996 3100 aggregatur,
1020 3027 1121 3088 radice

71 3110 80 3124 “’
105 3105 157 3186 <et
187 3109 272 3167 radix
303 3111 411 3169 radicis
442 3114 642 3171 trecentorum
670 3112 788 3170 milium
815 3115 846 3169 et
872 3111 1003 3189 triginta
1030 3117 1122 3178 unius

176 3285 200 3334 3.
221 3279 328 3350 decem]
347 3279 385 3333 ad
403 3281 438 3334 et.
458 3312 492 3320 -
513 3286 554 3334 16.
574 3280 641 3335 Poat
659 3279 777 3349 signabo
795 3281 913 3336 iteratur
932 3282 1006 3338 duas
1020 3284 1122 3344 lineas.

105 3383 137 3390 —
158 3358 199 3405 22.
219 3348 340 3421 milium]
359 3350 504 3405 mensium.

162 3515 1049 3629 ddffissfflffl=1ffifflm
