2316 3840
92 179 134 242 68
376 175 543 230 mmm
559 174 818 231 commu

91 346 187 419 lineis,
210 365 269 422 que
291 345 508 420 protrahuntur
528 363 548 403 a
571 356 683 420 puncto
703 364 722 404 ι
743 344 783 402 ad
803 344 921 403 lineam
938 347 993 406 ab.
1035 346 1114 425 ilrgo

92 435 220 510 angulus
245 436 308 493 lte
336 448 380 493 est
403 446 515 505 reclus,
542 432 623 508 quod
645 433 881 509 exprobatione
905 435 1115 495 antecedentis

92 523 186 600 ligure
213 524 358 598 sequitur.
404 521 462 580 Sed
484 522 615 597 positum
637 534 697 595 eat,
725 521 806 597 quod
827 524 962 599 angulus
987 526 1052 584 ead
1072 526 1115 584 est

93 624 201 684 reem,
222 612 303 686 quod
325 624 370 669 est
392 610 575 669 eontrarium
593 624 623 668 et
641 610 839 686 impossibile:
862 631 938 688 ergo
956 612 1021 671 due
1039 613 1114 673 lineo

65 702 148 774 aab,
173 702 218 774 qd
244 708 314 758 sunt
342 699 569 774 equidimntes,
596 712 626 756 et
654 718 690 757 ea
716 704 762 757 est
784 699 923 774 spatium
945 701 1032 760 inter
1052 720 1114 775 ως

94 800 123 848 et
146 788 223 847 illud
245 800 299 863 est,
322 789 402 862 quod
424 787 626 846 demonstrare
648 787 808 846 voluimus.

161 878 231 935 Alia
262 877 366 935 tertia:
407 877 445 934 Si
475 877 574 933 linea
605 886 705 934 recta
736 877 975 951 protrahitur
1009 897 1114 955 supra

94 966 365 1042 equidistantes
386 965 517 1037 lineas,
539 964 760 1039 proveniunt
775 964 845 1023 duo
862 967 1003 1043 anguli
1021 969 1113 1027 ooal-

94 1056 192 1113 terni
219 1055 380 1130 equales,
412 1060 448 1111 et
474 1053 520 1110 fit
549 1054 705 1130 angulus
727 1053 959 1114 extrinsecus
983 1056 1114 1116 intrin-

56 1161 81 1199 1o
95 1163 175 1203 seco
198 1145 331 1221 angulo
355 1142 425 1200 sibi
447 1142 617 1217 opposito
640 1142 798 1217 equalis,
820 1146 857 1200 et
878 1143 1030 1203 luerint
1050 1144 1133 1205 duo.

95 1233 221 1310 anguli
248 1231 456 1303 intrinseci,
483 1228 655 1305 quisunt
677 1231 714 1287 in
730 1234 835 1306 parte
852 1250 941 1307 una,
964 1234 1113 1310 equales

94 1322 346 1382 coniunctioni
368 1321 519 1379 duorum
540 1322 722 1376 rectorum
743 1319 971 1396 angulorum

161 1411 298 1485 Exempli
326 1427 416 1467 causa
441 1425 531 1482 supra
554 1406 628 1465 duas
650 1412 748 1466 rectas
770 1407 866 1466 linem
889 1410 1114 1485 eqnidistuntas

95 1503 145 1576 ab,
161 1501 207 1576 qd
224 1506 306 1557 recta
324 1499 405 1555 linea
423 1516 457 1555 ez
473 1497 680 1571 protrahatur:
698 1496 764 1555 dioo
777 1496 881 1573 igitur,
902 1499 989 1572 quod
1003 1500 1114 1578 anguli,

55 1605 81 1644 15
96 1591 149 1666 qni
164 1588 351 1666 proveniunt,
368 1590 448 1660 sunt,
467 1584 630 1643 secundnm
644 1585 726 1660 quod
738 1585 932 1660 prediximus
969 1587 1115 1649 Probatio

96 1680 168 1737 eius.
214 1676 360 1745 Quoniam
389 1694 455 1751 pro-

96 1767 215 1824 traham
251 1765 290 1823 ab
326 1783 461 1839 unoquo-

97 1874 157 1931 que
182 1854 309 1912 duorum
336 1857 462 1928 puncto·
763 1847 788 1900 k
850 1860 855 1866 ’

97 1964 164 2001 rum
187 1961 202 2001 e
229 1946 259 2000 et
280 1961 297 2001 ι
320 1942 462 2016 spatium,

58 2048 85 2088 ao
99 2031 179 2107 quod
206 2036 251 2090 est
278 2030 358 2089 inter
388 2030 462 2088 duas
1046 2094 1048 2099 ,

98 2123 192 2180 lineas
207 2122 258 2195 ab,
268 2122 321 2194 qd,
336 2120 390 2195 qui
403 2118 464 2177 sint

98 2211 175 2269 linee
199 2214 230 2268 et
252 2213 282 2267 et
303 2210 349 2268 alt.
389 2208 465 2266 Sunt
709 2218 735 2274 12

99 2318 169 2377 ergo
193 2304 323 2373 quatuor
352 2297 465 2373 anguli,

100 2389 152 2462 qui
174 2387 352 2462 proveniunt
374 2405 410 2443 ex
433 2384 475 2444 eis
498 2381 621 2465 <reoti>.
657 2385 750 2444 Linea
772 2386 868 2463 igitur
891 2391 925 2445 et
947 2392 1116 2466 equidiatat

59 2490 86 2532 2⁵
100 2476 180 2533 linea
202 2477 249 2549 ke,
273 2474 352 2550 quod
375 2474 510 2549 seqnitur
530 2475 692 2534 seeundum
709 2475 917 2550 probationem
936 2480 1117 2541 anteoeden·

100 2564 139 2622 tis
161 2564 265 2639 figure,
287 2566 316 2620 et
339 2562 419 2620 linea
442 2565 479 2621 elo
501 2563 665 2639 eqnidistat
686 2563 764 2622 linee
787 2568 828 2623 ta.
871 2562 932 2622 Sed
953 2566 1017 2628 due
1041 2569 1116 2629 lineo

101 2654 139 2711 elo
161 2655 192 2710 et
213 2656 244 2710 te
267 2653 336 2709 sunt
357 2651 498 2727 spatium,
522 2652 600 2728 quod
621 2658 667 2710 est
684 2652 763 2710 inter
780 2670 844 2710 sos:
868 2672 940 2730 ergo
960 2654 1031 2731 ipso
1050 2660 1118 2718 sunt

101 2741 229 2816 equales.
276 2739 316 2796 Et
343 2739 415 2814 quia
443 2740 524 2799 linea
548 2746 579 2800 te
601 2744 647 2799 est
669 2740 783 2816 equalis
806 2740 884 2799 lineo
907 2743 957 2818 ek,
979 2748 1016 2805 et
1038 2746 1117 2806 linea

102 2835 132 2889 et
161 2833 206 2887 est
237 2828 351 2904 equalis
377 2828 454 2886 lineo
481 2831 528 2904 ek,
561 2833 591 2888 ot
617 2830 695 2887 lineo
721 2829 779 2887 iste
807 2829 930 2904 equales
959 2835 1118 2895 continent

62 2933 88 2973 ao
102 2918 242 2994 angulos:
263 2935 333 2995 ergo
352 2918 411 2975 duo
430 2918 575 2994 trianguli
593 2920 664 2976 sunt
682 2918 811 2992 equales
830 2920 861 2976 et
878 2919 994 2996 reliqui
1014 2923 1119 3003 anguli
1147 2993 1148 2996 Ἴ

103 3010 172 3066 sunt
190 3007 309 3082 equales
327 3007 451 3082 reliquis
470 3006 596 3082 angulis.
627 3008 708 3083 Ergo
727 3007 854 3084 angulus
872 3011 924 3066 tae
938 3012 986 3068 est
1001 3012 1118 3089 equalis

104 3096 212 3173 angulo
226 3096 297 3170 zelo,
316 3096 368 3170 qui
388 3098 457 3153 sunt
475 3095 625 3152 coalterni.
663 3095 722 3153 Sed
735 3095 860 3172 angulus
874 3099 925 3155 teo
939 3102 987 3158 est
1002 3102 1120 3178 equalis

103 3184 213 3261 angulo
236 3184 313 3258 had,
341 3184 482 3258 quoniam
505 3183 563 3258 ipsi
585 3187 656 3242 sunt
678 3202 769 3259 supra
792 3184 968 3261 sectionem,
995 3187 1120 3266 <quem-

42 3290 51 3303 ”
104 3273 263 3332 admodum
276 3273 468 3330 manifestum
477 3268 543 3350 est>
552 3272 714 3331 secundnm
723 3271 931 3348 probationem
940 3274 1043 3354 figure
1056 3280 1120 3339 15⁶:

65 3363 239 3438 assequitur
262 3379 331 3436 ergo
355 3362 482 3437 angulus
504 3362 563 3420 zelo
581 3361 695 3436 equalis
714 3362 823 3438 angulo
841 3362 914 3437 hed,
937 3363 1121 3429 intrinsecus

167 3556 191 3605 5,
213 3553 243 3605 ot
260 3565 296 3606 ez
313 3548 370 3623 eet]
388 3550 419 3605 et
436 3553 464 3606 ii
484 3550 535 3606 est.
556 3581 591 3590 —
609 3552 635 3602 9.
655 3549 685 3601 el
699 3548 749 3618 llll
760 3549 796 3600 nt
810 3545 859 3600 sit.
