2340 3834
95 180 137 245 28
382 178 547 233 ANARITH
564 178 820 234 COMMENTARII

183 347 268 406 Dixit
290 339 496 432 Euanmns¹):
525 348 588 415 Ea,
612 367 666 422 quo
682 351 904 422 promittuntur,
930 350 999 405 urar
1020 349 1104 421 quire·

95 454 157 510 quc.
207 437 342 495 Primum
373 441 427 503 ost,
458 441 492 495 ut
521 438 600 495 liueo
630 442 707 497 recta
738 456 758 496 a
785 437 908 510 quolibet
927 439 1037 510 puuoto
1064 436 1105 495 ad

96 525 239 598 quodlibet
256 529 398 598 prouotum
414 526 614 598 protrahatur.
655 527 698 584 Et
719 527 795 599 quod
817 526 895 583 linea
911 525 1106 597 protrahatur

96 615 254 672 secuudum
276 616 502 673 emanationem
525 620 551 674 al
571 616 768 674 rectitudiuuu
786 615 906 672 alterius
924 614 997 672 liuee
1013 614 1104 684 fluite

70 716 83 754 ῡ
97 703 140 760 Et
160 707 193 761 ul
215 720 307 776 supra
325 704 468 776 quodlibet
489 708 617 762 centrum
634 705 777 777 quodi-ilat
793 705 921 776 epatium
938 702 1106 775 ocurpaudo

98 793 224 850 circulus
269 793 508 850 circumducatur.
566 792 609 849 El
652 810 749 851 oruucs
788 794 857 850 recti
898 792 1000 864 cupuli
1036 793 1108 849 eunt

98 881 220 953 equulos.
265 880 308 938 Et
333 882 360 938 si
387 881 465 939 liuca
490 885 569 940 reolo
595 899 684 954 super
707 882 784 939 duas
805 884 898 938 rectas
921 881 1013 937 liueus
1036 880 1107 938 ceci·

97 969 183 1036 derit,
212 973 239 1026 ct-
259 972 448 1042 proccueriut
473 971 530 1027 duo
558 971 671 1047 auouli,
699 972 749 1042 qui
774 973 844 1028 suut
869 970 906 1027 ab
933 986 995 1026 uuo
1019 971 1107 1041 parto

97 1060 223 1116 minores
249 1059 361 1116 duobus
387 1061 485 1126 rectio,
513 1058 586 1116 liaeo
611 1060 660 1116 illc
680 1062 827 1131 protracte
854 1059 1062 1131 oouiuuocutur
1087 1074 1107 1116 a

59 1159 84 1196 10
94 1151 193 1218 parte,
216 1149 249 1204 iu
271 1165 330 1220 oua
352 1151 421 1205 suut
442 1148 545 1220 cupuli
566 1149 692 1205 minores
714 1148 826 1205 duobus
847 1147 938 1205 rectis.

188 1235 284 1310 Supra
310 1235 366 1293 hoc
393 1235 469 1293 dixit
491 1235 734 1294 Smnmonrus:
761 1236 923 1310 Postquam
946 1234 1108 1292 Erremus

99 1323 181 1382 dedit
221 1323 426 1397 diffinitiones,
471 1319 571 1402 <que>
612 1325 771 1383 essentiam
811 1324 1022 1397 cuiuscumque
1063 1321 1109 1380 rei

99 1411 225 1470 diffinite
245 1411 421 1488 significant,
444 1412 587 1488 processit
605 1412 875 1471 adnumerandum
894 1431 938 1485 ea,
960 1431 1016 1486 que
1035 1413 1108 1469 sunt

98 1501 304 1575 premittenda.
347 1491 409 1558 Sed
424 1520 466 1577 eu,
490 1521 548 1577 que
566 1502 789 1577 promittuntur,
812 1504 883 1558 sunt
902 1519 945 1574 eu,
969 1519 1026 1575 que
1045 1518 1108 1558 non

59 1602 84 1641 15
98 1594 168 1648 sunt
195 1607 345 1663 concessa3
372 1610 431 1648 non
456 1592 557 1647 tamen
580 1590 747 1648 dimittetur
770 1589 943 1664 discipulus,
972 1588 1023 1663 qui
1044 1607 1108 1647 non

99 1681 225 1755 cogatur
248 1677 413 1736 concedere.
463 1679 600 1753 Exempli
623 1679 720 1754 gratia
743 1681 777 1736 ut
807 1678 846 1736 sit
868 1679 912 1737 vis
940 1677 1110 1753 magisterii

100 1770 130 1824 et
153 1766 239 1841 quusi
261 1766 346 1824 radix
367 1767 466 1841 posita
489 1770 519 1825 et
542 1785 687 1825 concessu.
728 1767 768 1825 Et
790 1767 844 1825 hec
866 1765 951 1824 radix
974 1768 1027 1823 aut
1049 1765 1110 1824 erit

98 1854 303 1930 impossibilis,
340 1855 416 1914 sicut
452 1855 540 1930 illud,
577 1856 656 1930 quod
689 1855 870 1913 Asnmrnns
906 1854 1041 1929 premisit
1078 1857 1111 1913 et

99 1943 196 2018 petiit,
218 1946 252 2001 ut
275 1943 481 2002 concederetur
504 1945 540 2019 ei,
564 1944 683 2017 sedicet,
707 1947 741 2002 ut
764 1946 840 2002 esset
858 1946 941 2001 extra
962 1943 1110 2001 mundum

59 2047 85 2085 uo
100 2024 189 2112 (dixit
208 2033 295 2107 enim,
316 2033 404 2107 quod,
427 2033 453 2090 si
470 2033 546 2090 illud
564 2033 771 2092 concederetur
789 2033 826 2106 ei,
847 2033 910 2107 ipse
930 2031 1111 2106 ostenderet,

101 2121 179 2195 quod
202 2124 334 2179 moveret
355 2124 480 2195 terram,
507 2121 558 2179 ubi
581 2122 669 2180 dixit:
696 2122 811 2199 „Puer
834 2120 984 2178 concede
1008 2119 1110 2196 mihi,

100 2210 193 2285 quod
225 2210 274 2268 sit
305 2210 493 2285 possibile,
524 2229 575 2268 me
607 2210 743 2269 elevari
775 2214 810 2268 et
837 2228 978 2267 manere
1006 2211 1112 2267 extra

100 2299 278 2372 mundum,
297 2301 331 2356 et
349 2318 412 2374 ego
431 2299 608 2357 faciamte
623 2299 757 2372 videre,
776 2298 869 2373 quod
885 2317 946 2374 ego
961 2297 1111 2356 movebo

100 2378 291 2468 terram.“²)
348 2388 389 2445 Et
424 2388 479 2445 hoc
514 2387 585 2460 fuit,
627 2406 694 2445 cum
729 2386 854 2445 iactavit
894 2405 924 2444 se
961 2385 1111 2444 invenisse

60 2490 86 2529 25
101 2475 260 2549 „virtutem
279 2473 512 2552 geometricam“.
554 2476 594 2533 Et
612 2475 708 2550 petiit,
726 2478 761 2533 ut
778 2475 1001 2550 premitteretur
1018 2474 1111 2550 istud,

102 2566 132 2621 et
158 2565 317 2638 poneretur
345 2564 386 2621 sic
413 2582 489 2637 esse,
521 2563 591 2621 licet
619 2564 658 2621 sit
684 2563 873 2638 impossibile.
925 2562 1010 2632 Quod
1036 2565 1111 2621 tuno

101 2653 186 2726 fecit,
218 2655 252 2710 ut
283 2655 351 2726 post
383 2653 514 2709 auferret
545 2644 747 2732 doctrinam),
779 2655 831 2710 aut
863 2652 919 2710 erit
950 2651 1109 2727 possibilis.

102 2742 182 2817 Ergo
206 2759 254 2815 ea,
282 2759 338 2815 que
361 2740 587 2814 premittuntnr,
610 2743 664 2798 aut
687 2744 773 2799 erunt
795 2740 1003 2816 impossibilia,
1031 2739 1111 2798 sicut

102 2829 290 2904 prediximuS‚
314 2831 366 2887 aut
390 2831 476 2886 crunt
497 2828 660 2902 possibilia,
683 2829 758 2887 scita
777 2849 795 2886 u
813 2829 954 2906 magistro
974 2832 1004 2887 et
1023 2828 1109 2888 disci-

63 2918 181 2994 copulis
206 2919 320 2995 ignota,
349 2937 406 2992 que
430 2919 547 2992 oportet
568 2917 703 2992 premitti
725 2917 761 2976 ab
785 2918 827 2976 eis
851 2921 919 2976 unte
943 2917 1109 2977 doctrinam

176 3093 216 3141 14,
235 3085 435 3156 premittentia.
456 3118 490 3125 —
511 3091 551 3139 ll.
571 3085 664 3158 quasi]
684 3103 754 3141 cum.

175 3251 201 3318 1)
219 3247 354 3301 Encnmne
369 3248 409 3300 ed.
425 3245 574 3315 Cmruus,
594 3246 612 3300 f.
628 3239 675 3325 νζ,
696 3253 723 3302 l:
743 3248 890 3302 Petilioues
903 3253 968 3300 suut
983 3247 1109 3316 quinque.

176 3340 202 3406 2)
220 3336 410 3404 Pnurancnus,
439 3335 589 3389 Marcellus
609 3341 654 3390 14:
682 3334 925 3404 νεανιευσάμενος,
954 3335 991 3396 ὡς
1013 3332 1109 3402 φάσιν,

104 3404 180 3480 (icitur)
200 3415 248 3477 τῆς
261 3403 431 3471 ἀποδείξεως
445 3401 532 3474 εἶπεν,
551 3407 595 3474 ὡς,
615 3407 640 3460 εἰ
653 3406 705 3476 γὴν
720 3402 793 3478 εἶχεν
807 3405 912 3475 ἑτέραν,
931 3404 1058 3474 ἐκίνησεν
1072 3401 1110 3459 ἂν

104 3476 349 3604 ἷῧνὲὗηνᾶἵαβὰς
368 3477 407 3540 εἰς
425 3476 543 3546 ἐκείνην.
572 3476 625 3532 Otr.
641 3477 726 3531 etiam
740 3478 849 3531 Purruu
864 3476 905 3531 ed.
920 3472 1049 3529 Hnnrecn
1062 3476 1109 3546 lH,

176 3594 182 3621 ‚
275 3595 279 3604 .
