2340 3834
255 452 490 526 ADDENDA
518 453 579 525 ΕΤ
609 452 928 526 OORRIGENDA.

84 609 167 660 Papiria
201 611 257 650 linea
422 621 477 660 pra:
668 612 723 660 leae.-

104 675 137 724 17
228 675 243 723 7
369 670 445 737 quod
463 669 505 723 sio
621 686 676 738 que
695 669 743 723 sio.

103 746 138 794 20
211 746 243 793 17
369 740 523 795 medietate
617 739 766 795 medietati

103 817 137 865 30
210 817 243 865 28
369 814 544 879 exequantur

105 887 138 937 68
211 887 244 935 32
371 882 490 952 angulas
618 881 737 952 angulus

105 958 137 1006 72
211 958 245 1006 30
371 952 471 1021 equale
490 955 533 1007 set
618 951 733 1020 equales
752 954 781 1007 et

106 1029 140 1076 74
213 1028 246 1076 24
372 1023 465 1078 aliena
619 1023 728 1078 alienus

104 1100 138 1148 83
230 1101 244 1147 1
370 1094 444 1148 lines
464 1101 497 1150 at
616 1094 691 1149 linae
709 1101 741 1149 et

115 1209 149 1234 „a
178 1165 209 1218 in
227 1165 318 1234 figura
336 1164 474 1234 coniunge
493 1167 599 1235 puncta
616 1167 643 1233 h,
661 1183 696 1233 m,
716 1167 730 1219 0
749 1164 825 1218 linea
843 1166 922 1218 reeta

88 1241 138 1290 103
211 1241 244 1288 33
370 1253 411 1306 aq
424 1263 458 1282 =
474 1237 514 1290 td
620 1254 660 1307 ap
673 1263 707 1282 =
722 1239 760 1306 by

87 1312 138 1360 125
211 1313 245 1360 26
371 1309 422 1373 de,
442 1309 482 1377 dy
618 1308 669 1373 da,
687 1323 724 1377 aq

88 1382 138 1431 135
211 1384 246 1431 34
371 1377 483 1431 Videris
617 1377 723 1432 Videas

87 1454 137 1502 166
229 1454 244 1502 6
371 1448 409 1501 ad
426 1450 468 1519 qd
620 1447 656 1500 ad
675 1450 713 1519 09

104 1562 119 1588 „
229 1526 244 1572 6
369 1520 411 1589 ad
619 1520 656 1573 de

104 1632 120 1658 ‚2
229 1596 245 1643 8
369 1591 411 1660 ad
618 1591 657 1659 ab

87 1665 138 1714 170
212 1665 244 1713 13
262 1663 291 1714 et
302 1666 336 1713 14
372 1659 565 1715 numeratione
618 1659 807 1715 numerationi

87 1736 138 1784 178
212 1736 246 1784 30
347 1730 434 1784 addas
454 1735 480 1801 2)
500 1734 566 1786 ante
584 1731 726 1785 Eucumnu

87 1806 139 1854 184
229 1807 245 1854 8
371 1817 508 1869 posquam
619 1803 770 1871 postquam

87 1877 137 1926 186
211 1877 245 1924 30
370 1877 386 1925 6
619 1878 652 1925 23

87 1948 137 1996 188
211 1948 244 1995 32
371 1942 470 1997 eadem
617 1943 715 1998 eodem
777 1959 779 1962 ·

87 2019 138 2067 194
210 2019 243 2066 31
337 2013 423 2069 adde:
441 2012 546 2067 Videas
565 2014 706 2068 Euoumau
724 2013 870 2067 Hammon
889 2000 928 2082 11,
949 2020 1010 2084 314,
1030 2019 1094 2082 8sq.

86 2090 138 2139 206
212 2090 245 2138 20
371 2084 528 2139 remanebit
619 2084 805 2138 remanebunt

87 2161 137 2208 277
213 2161 244 2208 11
370 2154 569 2224 multiplicatio
619 2153 809 2224 multiplicato

86 2231 138 2280 295
230 2227 292 2280 9et
306 2232 338 2279 21
376 2225 521 2295 quantitas
618 2225 773 2294 quadratus

87 2302 139 2351 308
212 2302 245 2350 31
372 2314 409 2353 es,
618 2299 647 2351 et

88 2373 138 2420 321
230 2374 245 2422 6
283 2384 356 2436 pone
366 2367 557 2422 adnotationis
568 2366 680 2437 signum
692 2370 757 2436 post
771 2367 886 2421 verbum
899 2369 1098 2438 matapeaibem

280 2440 309 2492 et
333 2439 405 2492 adde
432 2438 463 2490 in
485 2439 539 2493 fine
566 2438 688 2509 paginae
715 2441 812 2492 notam
836 2437 937 2494 talem:
971 2438 1097 2493 Verbum

281 2509 425 2563 arabicum
438 2511 592 2579 mataqeaib
605 2508 755 2564 vernacula
769 2508 868 2579 lingua
879 2508 984 2564 dicitur
999 2511 1097 2564 abactis

280 2581 395 2635 addedd.
434 2579 599 2648 Mutagenib
622 2579 711 2648 igitur
733 2581 847 2636 biaomii
869 2581 898 2634 et
919 2581 1035 2634 maioiis
1058 2579 1099 2632 vi·

282 2651 383 2705 dentur
410 2667 469 2704 esse
497 2652 636 2705 resideam
659 2652 773 2705 biaomii
795 2652 912 2706 absoluti
941 2653 971 2706 et
994 2651 1098 2718 minan

283 2723 393 2777 timedii
408 2722 495 2790 primi
513 2723 542 2776 et
556 2722 676 2790 pateatis
693 2739 779 2790 supra
794 2723 930 2776 rationale
944 2728 969 2776 et
982 2723 1099 2776 mediate

282 2792 447 2862 mutagenib
466 2792 565 2845 eodem
582 2792 665 2846 modo
684 2793 823 2847 residuam
837 2793 949 2847 timedii
960 2794 1051 2862 primi
1070 2796 1100 2847 et

280 2866 425 2918 aoaiaaeta
457 2880 518 2917 eam
548 2864 683 2917 rationali
712 2865 816 2932 faeieas
849 2869 934 2918 totam
968 2865 1098 2932 mediale;

280 2933 445 3003 mutagenib
459 2932 578 3000 denique
594 2935 703 2989 timedii
715 2935 827 2989 reeamdi
841 2936 870 2988 et
880 2935 1003 3004 pateatis
1011 2952 1100 3004 supra

281 3005 336 3058 dao
350 3005 479 3059 awdialia
493 3007 576 3057 erunt
588 3007 727 3060 residuam
741 3006 851 3060 timedii
863 3007 978 3060 seeaadi
993 3008 1023 3061 et
1037 3022 1099 3061 aaa·

193 3092 195 3099 ⁸
281 3077 377 3131 iaaeta
394 3094 455 3131 eam
473 3076 584 3130 mediati
602 3077 707 3144 faciens
724 3082 809 3132 totam
827 3077 949 3131 mediate.
