2340 3834
387 169 437 223 AD
456 169 643 225 EUGLIDEM
660 171 727 228 LIB.
741 172 775 227 X.
1014 173 1079 237 375

64 340 224 400 admodum
260 338 394 414 disposui
429 357 507 413 eam,
544 358 600 415 quo
633 343 701 398 ante
733 342 843 417 ipsam,
880 344 910 401 et
941 342 1080 401 similiter

64 429 232 504 ostendam,
256 429 334 504 quod
362 446 401 501 sq
429 431 529 503 potest
556 447 646 503 supra
674 431 725 505 tq,
754 433 784 489 et
811 431 855 489 ad
882 432 1079 490 communicat

66 520 224 593 unicuique
247 516 375 575 duarum
396 517 543 575 linearum
566 536 618 593 or,
642 519 684 577 ad
704 519 736 576 in
759 518 959 595 longitudine,
983 523 1012 578 et
1035 521 1080 579 od

64 609 231 684 seiungitur
267 608 308 665 ab
340 607 372 663 in
403 605 604 682 longitudine:
642 625 711 682 ergo
744 626 919 682 unaqueque
951 609 1078 666 duarum

64 695 284 770 superficierum
308 696 357 770 br,
385 696 422 753 dt
444 697 489 754 est
510 694 659 768 medialis,
685 696 801 771 etipse
824 699 893 755 suut
916 699 1076 756 communi·
1104 708 1118 749 ⁵

62 787 165 843 cantes
189 787 219 843 et
242 785 360 858 equales
384 784 543 857 unicuique
566 782 691 842 duorum
714 783 927 858 quadratorum
949 786 1009 860 lom,
1034 788 1077 860 lcl,

65 891 135 951 ergo
163 873 209 949 lcl,
236 873 289 931 lom
314 872 456 931 mediales
485 875 563 930 sunt.
609 873 689 950 Ergo
717 872 775 931 duo
800 873 945 948 quadrata
967 876 1014 948 lcs,
1036 875 1077 948 loq

62 965 133 1021 sunt
160 961 300 1019 medialia
327 964 357 1019 et
384 962 640 1020 communicantia.
685 962 726 1020 Et
753 962 891 1021 similiter
913 962 1076 1038 ostendam,
1131 989 1134 995 ·

63 1049 141 1124 quod
169 1051 207 1110 los
234 1051 400 1127 seiungitur
426 1051 467 1123 loq
489 1051 521 1107 in
544 1049 743 1126 longitudine:
772 1069 841 1127 ergo
864 1053 918 1125 kq,
945 1052 983 1110 los
1006 1054 1076 1111 sunt

62 1139 204 1198 mediales
228 1141 258 1198 et
279 1140 312 1196 in
333 1140 471 1215 potentia
490 1141 609 1197 tantum
627 1140 884 1199 communicantes.
925 1140 966 1199 Et
984 1142 1116 1199 etiam1⁰

58 1229 106 1300 qd
133 1229 331 1286 communicat
357 1229 397 1287 de
424 1229 456 1285 in
482 1227 682 1304 longitudin03
710 1227 761 1287 sed
783 1230 828 1301 φά
851 1231 896 1288 est
918 1230 1075 1289 rationalis

61 1318 93 1375 et
120 1317 317 1375 communicat
345 1317 386 1375 ab
413 1317 446 1374 in
468 1315 667 1392 longitudine:
696 1335 765 1394 ergo
788 1319 828 1376 de
852 1320 896 1376 est
917 1313 1074 1378 rationalis

61 1408 93 1462 et
119 1406 318 1463 communicat
345 1407 387 1464 ab
410 1407 442 1462 in
464 1403 662 1481 longitudiue3
692 1424 761 1481 ergo
784 1407 1074 1466 cremationem.

64 1491 121 1550 Sed
144 1494 212 1569 ipsa
235 1495 280 1552 est
303 1494 417 1568 equalis
439 1494 491 1567 lca,
515 1495 545 1551 et
568 1496 613 1552 est
636 1493 803 1569 superficies
822 1495 860 1554 los
876 1496 909 1552 in
927 1496 979 1568 leq:
1004 1514 1073 1574 ergo

62 1582 232 1657 superficies
254 1583 292 1641 lcs
314 1583 347 1639 in
369 1583 410 1656 loq
433 1584 478 1641 est
499 1583 665 1640 rationalis.
706 1583 785 1660 Ergo
804 1600 842 1657 sq
860 1587 905 1642 est
922 1584 1073 1642 residuum
1088 1596 1113 1636 15

58 1665 260 1751 <timediale>
283 1673 421 1746 primum,
444 1674 474 1729 et
495 1672 562 1745 ipsa
585 1673 630 1729 est
652 1673 757 1746 potens
781 1690 871 1748 supra
889 1673 1074 1748 superficiem

61 1761 113 1833 b93
137 1762 168 1819 et
189 1760 266 1818 illud
289 1762 343 1835 est,
368 1758 447 1835 quod
468 1759 670 1818 demonstrare
693 1760 850 1820 voluimus.

150 1848 263 1906 Linea
288 1852 416 1924 potens
444 1866 551 1924 supra
579 1867 713 1907 omnem
736 1851 969 1926 superficiem
992 1870 1073 1910 con-

59 1939 198 1995 tentam
235 1957 253 1996 a
287 1937 385 1995 linea
421 1937 596 1996 rationali
634 1941 668 1996 et
698 1938 841 1997 residuo
872 1942 986 1998 tercio
1020 1944 1074 2000 est

57 2025 241 2084 residuum
263 2025 457 2084 bimediale
481 2018 711 2107 secundnml)
1085 2041 1112 2080 ao

149 2114 240 2172 Verbi
263 2116 362 2191 gratia
385 2116 425 2173 sit
445 2113 612 2189 superficies
632 2116 671 2188 by
689 2118 828 2173 contenta
846 2134 864 2173 a
882 2116 963 2174 linea
981 2118 1072 2175 ratio-

59 2203 136 2277 nali,
164 2222 220 2278 que
249 2206 294 2262 est
321 2205 375 2277 ab,
408 2206 438 2262 et
463 2202 580 2261 residuo
606 2204 713 2276 tercio,
741 2203 819 2277 quod
847 2206 892 2262 est
920 2222 974 2279 app:
1006 2205 1071 2264 dico

58 2292 160 2368 igitur,
185 2292 262 2366 quod
285 2293 365 2351 linea
386 2293 492 2368 potens
515 2310 607 2367 supra
625 2293 665 2365 by
683 2294 728 2350 est
745 2292 896 2350 residuum
913 2292 1072 2351 bimediale

59 2381 229 2455 secundum,
253 2380 330 2456 quod
354 2382 395 2440 sic
413 2380 565 2456 probatur.
605 2379 763 2439 Reiterabo
783 2382 862 2438 enim
880 2380 952 2440 duas
971 2400 1071 2456 super-

58 2468 139 2528 ficies
167 2488 235 2528 cum
262 2471 340 2529 notis
369 2471 443 2543 suis,
471 2471 500 2528 et
528 2471 568 2528 sit
595 2470 640 2528 cd
664 2468 750 2527 radix
774 2470 792 2527 8
818 2472 848 2529 et
870 2471 912 2543 dp
934 2470 1018 2528 radix
1042 2473 1071 2545 6,
1085 2483 1111 2525 ro

58 2560 89 2615 et
117 2576 157 2618 aa
183 2558 268 2615 radix
296 2560 316 2615 4
344 2561 374 2616 et
401 2559 502 2632 semis,
535 2560 564 2616 et
591 2557 759 2633 superficies
788 2563 824 2616 ct
845 2559 889 2617 ‘sit
915 2559 1001 2617 radix
1029 2561 1069 2617 72

57 2646 204 2720 medialis,
228 2649 257 2705 et
279 2647 360 2704 linea
382 2648 422 2706 da
444 2648 484 2705 sit
506 2647 591 2705 radix
613 2646 783 2706 medietatis
801 2649 898 2721 unius,
921 2651 951 2706 et
970 2667 1070 2724 super-

56 2734 137 2793 ficies
161 2736 196 2793 td
219 2737 259 2794 sit
280 2735 366 2794 radix
389 2736 408 2793 8
432 2735 576 2811 medialis,
600 2738 630 2795 et
652 2755 828 2810 unaqueque
851 2736 976 2795 duarum
996 2737 1070 2794 line·

57 2842 143 2881 arum
168 2825 213 2897 qd
239 2826 269 2882 et
296 2826 335 2883 de
362 2825 403 2882 sit
428 2824 513 2882 radix
540 2826 628 2883 unius
656 2827 686 2882 et
708 2824 812 2899 medii,
840 2828 870 2883 et
893 2844 1069 2901 unaqueque

55 2912 183 2970 duarum
211 2912 430 2988 superficierum
455 2914 511 2988 pt,
542 2915 585 2972 ac
613 2915 653 2972 sit
679 2913 764 2971 radix
793 2915 834 2971 24
862 2912 1011 2989 medialis,
1039 2918 1069 2973 et
1083 2927 1109 2967 ³⁰

55 3020 126 3060 area
154 3020 256 3058 earum
282 3003 323 3061 sit
348 3001 434 3060 radix
464 3002 503 3060 96
533 2998 725 3079 (medialis),
753 3004 783 3061 et
811 3021 880 3060 area
902 3003 1069 3078 superficiei

128 3175 151 3224 7.
171 3171 218 3236 lca,
237 3186 278 3239 sq.
303 3201 336 3209 -
361 3174 403 3224 22.
423 3185 477 3236 que
497 3172 539 3223 est
558 3188 605 3241 op.
630 3202 663 3210 -
688 3175 730 3225 31.
751 3170 908 3240 superficiei
927 3172 1065 3227 medialis.

55 3242 105 3295 Aa
122 3240 239 3294 totalis?

128 3402 154 3469 1)
183 3400 312 3453 Eocnrms
341 3397 460 3452 dmin
486 3399 524 3467 X,
546 3405 580 3453 88
608 3399 763 3469 (Humanam
790 3402 828 3471 X,
848 3405 905 3471 93):
943 3402 976 3458 Si
993 3405 1067 3458 linea

54 3471 189 3528 rationali
202 3472 361 3538 residuaque
374 3471 455 3524 tercio
468 3472 623 3539 superficies
635 3474 818 3539 contineatur,
832 3475 884 3528 erit
897 3474 976 3527 linco
988 3491 1070 3539 serpat

53 3561 115 3599 eam
127 3541 382 3610 procerandum
400 3541 516 3598 mediate
535 3543 698 3599 sennodum.
