2340 3834
97 165 161 230 256
384 163 550 217 ANARITH
567 161 824 218 COMMENTARII

186 332 377 408 Quecumque
399 333 535 408 preterea
552 333 659 390 harum
676 330 769 389 trium
788 329 968 389 divisionum
985 329 1018 388 in
1036 329 1081 387 dur

98 424 254 498 separatur
266 423 376 497 partes
404 422 460 479 Est
474 440 544 499 ergo
562 421 656 479 totius
670 438 786 478 summa
800 437 851 478 sex
865 410 1021 478 continens
1035 419 1081 477 div

98 512 202 570 siones.
220 509 322 568 Prima
336 512 526 586 autempars,
539 504 612 587 <id>
623 512 668 568 est
678 528 722 582 ea,
736 508 784 566 oui
792 507 1081 584 nominaperveniun

97 600 130 657 in
152 602 213 658 tres
236 598 327 657 etiam
349 599 481 674 partitur
503 598 661 657 divisiones
685 598 791 671 solum,
813 599 915 672 preter
938 615 1011 672 quas
1035 596 1081 654 atu

70 683 203 765 5<esse>
226 690 303 746 esset
325 687 514 762 impossibile.
561 686 625 756 Que
648 688 729 745 sunt:
752 704 814 745 una
837 684 968 744 duarum
990 688 1081 761 quant

65 834 68 839 .
96 779 195 836 tatum
227 776 266 834 sit
297 776 453 836 rationalis
486 779 516 835 et
547 775 643 834 altera
672 774 822 849 medialis3
855 778 909 832 aut
935 774 996 833 sint
1023 773 1081 831 aml

64 857 66 861 ¹
96 865 271 940 rationales3
295 866 349 923 aut
371 865 432 924 sint
450 865 536 922 ambe
553 864 703 922 mediales.
744 864 861 921 Harum
879 882 999 939 quoque
1018 863 1081 920 triu]

98 954 275 1013 divisionum
312 973 430 1029 queque
466 954 498 1011 in
534 953 607 1011 duas
639 953 732 1011 etiam
763 953 969 1027 sequestratur
999 953 1081 1027 parte

98 1043 165 1101 Erit
188 1062 258 1120 ergo
281 1043 374 1101 totius
397 1061 511 1101 summa
534 1061 585 1101 sex
607 1041 760 1100 continens
784 1040 952 1100 divisiones.

57 1147 85 1187 ro
188 1129 328 1190 Omnium
359 1150 429 1190 vero
456 1149 571 1188 summa
599 1129 753 1189 duodecim
781 1130 914 1189 continet
941 1128 1081 1187 divisione

98 1220 144 1279 He
167 1239 237 1279 vero
260 1220 414 1279 duodecim
438 1219 597 1278 divisiones
621 1237 721 1278 omnes
741 1218 859 1293 surdas,
887 1238 945 1293 que
968 1219 998 1275 in
1023 1237 1081 1293 par

99 1309 212 1367 decima
234 1308 304 1366 libri
323 1308 473 1366 Eucnmrs
497 1308 643 1382 dicuntur,
666 1307 926 1382 comprehendunt,
949 1307 1081 1365 secunda

99 1398 178 1474 quod
201 1417 255 1475 ego
279 1396 434 1456 ostendam
457 1398 487 1454 et
509 1396 674 1473 explanabo
697 1396 729 1454 in
751 1397 895 1470 tractatu,
917 1395 943 1454 si
967 1396 1037 1454 deus
1058 1415 1081 1454 v

99 1486 197 1545 luerit.

59 1589 85 1629 1⁵
189 1573 274 1643 Quod
297 1576 397 1632 autem
418 1573 568 1649 precessit,
591 1592 627 1631 ex
648 1573 796 1648 positione
820 1573 891 1647 eius,
915 1572 995 1648 qnod
1014 1591 1081 1647 seqr

99 1666 162 1738 tur,
184 1662 387 1721 manifestatio
411 1663 545 1738 existitit,
568 1666 751 1738 quapropter
772 1681 833 1721 non
856 1661 1016 1734 dimittam,
1039 1681 1081 1737 qu

100 1770 257 1827 exponam,
284 1751 356 1809 licet
381 1751 538 1826 prolixitas
566 1750 668 1826 aliqua
694 1750 764 1809 inde
792 1750 953 1827 contingit,
981 1749 1060 1825 quod

99 1839 285 1915 promittam,
308 1835 408 1916 <que>
433 1839 488 1914 eis,
511 1859 567 1915 que
590 1841 855 1916 postsequuntur,
878 1839 1081 1897 auxiliabunt.

188 1928 262 1987 Dico
285 1929 390 2005 igitur,
414 1928 493 2004 quod
516 1929 631 1986 numeri
652 1928 685 1985 in
708 1928 783 1986 duas
806 1926 980 1985 dividuntur
1003 1930 1081 2002 part

61 2033 87 2073 ro
101 2018 405 2076 communicantes
429 2017 541 2076 scilicet
564 2019 594 2074 et
615 2016 970 2075 incommunicantes

190 2105 478 2166 Gommnnioantium
513 2109 613 2163 autem
645 2108 675 2163 et
705 2104 1022 2164 incommunioantium
1057 2122 1081 2161 a

101 2199 171 2254 sunt
198 2196 410 2269 rationales,
439 2193 491 2252 alii
520 2193 627 2252 surdi.
674 2192 793 2268 Surdi,
821 2193 872 2268 qui
899 2192 1030 2251 radicem
1051 2213 1080 2250 n

100 2285 219 2344 habent.

191 2371 502 2432 Communicantes
525 2390 608 2445 vero,
632 2390 667 2428 ex
686 2370 802 2446 quibua,
825 2389 893 2433 cum
913 2369 1081 2445 superfluit:

60 2475 87 2517 as
102 2482 158 2538 que
177 2464 222 2520 est
239 2463 317 2520 inter
335 2479 393 2534 eos,
416 2459 547 2520 vicissim
560 2459 714 2535 minuitur,
736 2462 870 2517 remanet
887 2477 1037 2534 numerus,
1059 2477 1081 2532 q

100 2552 239 2608 numerat
261 2569 341 2624 eum,
370 2549 421 2624 qui
443 2549 542 2624 ipsum
563 2548 707 2624 precedit,
731 2548 807 2606 siout
830 2547 977 2606 sexdecim
999 2550 1030 2605 et
1052 2565 1081 2606 s«

102 2637 177 2696 (lum
200 2638 277 2696 enim
300 2657 336 2696 ex
354 2637 500 2696 sexdecim
517 2637 662 2695 minuitur
680 2636 843 2711 duodecim,
864 2638 1021 2694 remanent
1039 2651 1081 2711 qu

101 2728 182 2799 tuor,
206 2729 334 2801 quatuor
357 2746 473 2801 quoque
497 2745 564 2784 oum
585 2724 759 2784 minuuntur
779 2744 815 2782 ex
833 2743 892 2799 sex,
914 2720 1081 2783 remanet]

101 2814 215 2891 narius3
239 2815 303 2890 ipse
326 2833 395 2892 ergo
418 2834 566 2889 numerus,
590 2814 641 2889 qui
663 2815 802 2872 numerat
823 2813 917 2889 illum,
942 2814 995 2889 qui
1014 2813 1081 2888 ipsi:

61 2903 241 2980 ooprecedit,
266 2906 446 2980 quapropter
469 2904 532 2980 ipse
555 2905 692 2961 numerat
715 2903 787 2961 duos
810 2921 957 2962 numeros.

172 3114 196 3163 2.
216 3109 335 3181 summa]
355 3110 454 3163 su’ma.
477 3140 513 3148 —
536 3114 560 3164 3.
579 3126 644 3177 pars
663 3109 706 3162 est
725 3122 758 3161 ea
777 3122 840 3176 qua.
862 3139 895 3147 -
922 3112 964 3160 13.
984 3107 1008 3160 si
1027 3106 1081 3160 det

102 3177 264 3236 desiderius.
289 3212 322 3220 -
347 3185 387 3234 17.
410 3180 559 3251 exponam]
578 3196 682 3249 expone
702 3177 812 3232 addam.
836 3209 872 3219 -
896 3177 993 3247 aliqui.
1015 3184 1081 3229 -1

102 3249 154 3323 eis]
173 3250 241 3305 enis.
260 3283 294 3291 —
314 3256 356 3305 25.
375 3250 508 3306 minutus.
528 3283 561 3291 —
581 3256 623 3305 28.
643 3251 795 3304 remanent.

171 3467 199 3536 1)
218 3462 296 3530 Quae
314 3466 398 3519 antea
417 3462 451 3517 de
470 3462 677 3532 quantitatibus
696 3462 865 3532 generaliter
879 3461 1040 3532 declaravit,
1059 3459 1081 3512 1

88 3535 197 3593 iterum
216 3536 254 3594 de
272 3535 401 3594 numeris
419 3534 541 3608 integris
559 3534 684 3605 exponit.
