2316 3840
386 155 436 209 AD
454 153 639 210 EUCLIDEM
657 155 723 210 LIB.
739 155 772 210 X.
1010 156 1075 220 241

56 322 248 400 quadratum
272 340 306 382 er
329 322 407 382 sieut
428 325 582 400 proportio
601 323 717 383 numeri
736 326 777 383 ab
796 323 832 382 ad
852 343 1010 383 numerum
1028 326 1077 398 by,

58 412 116 489 qui
145 431 208 470 non
235 413 281 470 est
308 411 479 487 quadratus.
530 413 610 490 Ergo
639 415 679 472 de
702 416 747 472 est
768 412 1019 471 incommunioans
1042 431 1077 472 ez

55 501 90 560 in
119 499 325 578 longitudine,
352 520 422 578 ergo
450 503 490 560 ele
517 503 616 578 potest
644 520 734 576 supra
763 503 803 561 da
825 520 894 560 oum
917 504 1075 580 augmento

58 589 207 666 quadrati
229 588 308 647 linee
331 589 461 650 seiuuete
485 590 543 648 sibi
564 591 596 648 in
617 589 817 667 longitudine:
846 609 915 667 ergo
941 591 1020 649 linea
1043 592 1078 648 bt

56 681 164 755 potest
188 696 278 754 supra
299 679 332 737 ilo
350 697 419 737 oum
437 682 596 756 augmento
616 678 755 754 quadrati
773 677 850 736 lineo
870 678 1000 738 seiunote
1019 679 1076 754 sibi
1103 691 1117 732 a

54 768 90 826 in
119 766 326 844 longitudine,
353 770 383 826 et
410 768 444 825 ta
469 767 587 827 brevior
616 767 813 826 eommunicet
835 767 912 826 linee
935 768 1078 826 rationali

55 855 169 933 posite.
209 856 289 933 Ergo
306 856 349 914 bb
367 858 412 915 est
430 856 593 915 binomium
612 857 761 932 quintum,
781 859 811 913 et
829 856 906 914 illud
925 859 977 931 est,
997 856 1077 932 quod

58 945 271 1005 demonstrare
293 945 449 1004 voluimus.

152 1032 289 1110 Figura
320 1033 363 1091 ad
396 1033 650 1093 inveniendum
677 1032 870 1093 binomium
898 1026 1076 1115 sextuml)

10 1114 12 1121 ’
54 1121 274 1197 Ostendam,
315 1122 477 1197 qualiter
519 1123 713 1182 binomium
754 1124 893 1180 sextum
933 1122 982 1180 sit
1022 1123 1119 1180 ἰπὶ-10

55 1211 290 1272 veniendum.

154 1298 204 1358 Sit
224 1299 328 1374 itaquo
351 1318 490 1358 numerus
512 1302 552 1359 ab
576 1298 750 1375 quadratur,
769 1317 859 1374 quam
877 1316 967 1374 supra
985 1318 1076 1375 pune-

54 1394 127 1449 tum
148 1408 171 1463 ρ
196 1387 339 1464 dividam,
364 1391 394 1447 et
415 1407 533 1464 ponam,
556 1391 591 1446 ut
613 1391 719 1447 neuter
742 1387 866 1446 duorum
888 1407 1078 1447 numerorum

10 1548 12 1559 Ι
55 1498 102 1554 oy
127 1481 160 1536 et
182 1478 226 1551 pb
250 1476 290 1535 sit
308 1476 483 1552 quadratum
507 1479 537 1534 et
555 1494 666 1553 ponam
683 1497 838 1536 numerum
855 1478 884 1554 k,
908 1477 991 1536 ouius
1009 1496 1076 1553 pro·

215 1637 503 1708 oomqoadaatosp
595 1654 652 1691 oon
670 1639 821 1706 quadratos
914 1656 932 1692 a
1043 1612 1045 1616 ,

224 1708 498 1746 1——1
922 1709 926 1746 ι

497 1799 649 1867 quadratus

10 2892 14 2947 l
57 2887 165 2966 portio
195 2883 233 2942 ad
260 2882 390 2960 aliquem
413 2884 539 2945 duorum
561 2903 750 2943 numerorum
773 2885 814 2943 ab
838 2884 868 2942 ot
891 2902 932 2957 ap
955 2904 1014 2944 non
1037 2885 1077 2943 sit
1090 2903 1118 2945 15

10 2966 12 3017 ἶ
57 2977 144 3037 siout
171 2972 324 3050 proportio
347 2974 463 3032 numeri
487 2973 626 3049 quadrati
649 2972 865 3031 adnumerum
888 2971 1076 3048 quadratum.

10 3084 12 3107 ¹
59 3062 184 3126 Deinde
210 3079 319 3139 ponam
345 3061 456 3121 lineam
477 3061 510 3121 in
531 3062 717 3140 longitudine
740 3061 929 3136 rationalem,
957 3063 1077 3137 quasit

10 3164 12 3171 '
61 3155 82 3230 l,
106 3155 142 3212 et
163 3151 275 3209 lineam
297 3150 464 3228 secundam,
488 3170 544 3226 que
564 3150 604 3210 sit
620 3153 663 3225 ht,
682 3153 712 3208 et
735 3169 853 3226 ponam,
871 3153 906 3208 ut
923 3151 1076 3226 proportio

60 3239 211 3320 quadrati
232 3241 267 3298 bt
289 3239 327 3296 ad
348 3238 529 3314 quadratum
547 3241 558 3298 l
580 3239 619 3298 sit
638 3240 714 3299 siout
731 3238 883 3315 proportio
902 3240 1016 3298 numeri
1035 3239 1076 3297 ab

141 3455 168 3524 1)
195 3452 330 3508 Eudamus
353 3452 392 3520 X,
413 3456 447 3524 50
474 3451 625 3523 (Crurnrus
645 3451 683 3521 X,
702 3457 749 3520 4⁷3
777 3451 944 3506 Humanam
962 3450 999 3520 X,
1019 3451 1076 3519 53):

59 3524 200 3582 aeroma
217 3531 291 3580 reato
309 3524 416 3578 demum
434 3529 537 3594 oporto
553 3523 684 3581 Μήποτε.

120 3621 200 3663 (lom
214 3622 245 3662 ad
255 3621 345 3661 Erana.
361 3621 394 3663 ed.
410 3622 521 3666 Ourtze.
903 3618 941 3666 lb
