2340 3834
97 180 164 246 312
385 180 550 236 ANARITII
568 179 824 236 COMMENTARII

98 348 213 426 equalis
233 347 378 424 quadrato
396 348 565 409 medietatis
583 349 660 408 linee
677 349 832 424 brevioris,
849 349 1010 410 secundum
1027 363 1143 425 q‘mq

98 437 281 498 ostendimus
307 437 528 512 inclementis,
556 438 588 496 in
611 438 742 513 capitulo
766 438 879 498 scilicet
902 438 1081 498 divisionis
1117 451 1143 504 er

97 527 130 584 in
153 525 229 586 aliis.
276 524 385 584 Postea
406 525 613 602 multiplicabo
636 545 876 603 unamquamque
899 527 1025 597 duarum
1047 541 1129 588 sec-

97 615 214 674 tionum
235 614 267 672 in
289 614 400 674 lineam
421 615 595 693 longiorem,
618 619 648 674 et
671 616 742 691 eius,
766 617 846 692 quod
869 637 904 675 ex
926 613 1117 692 multiplica·

71 705 181 763 ⁶tione
211 703 361 779 provenit,
393 721 543 763 assumam
569 704 712 781 radicem,
742 724 799 780 que
829 705 888 764 erit
913 704 1002 779 illud,
1029 705 1108 780 quor

99 792 289 869 quesivimus.
330 792 372 851 lit
393 792 600 852 demonstrabo
622 791 701 851 illud
717 793 750 851 in
766 793 865 869 prima
882 793 981 871 figura
998 809 1099 864 aarum

99 884 130 940 et
152 881 280 941 sufficiet
300 881 333 939 in
354 881 478 957 reliquis
500 881 614 940 duabus
636 881 739 959 figuris
760 883 921 941 secundum
940 882 1006 956 hoc,
1028 878 1095 957 qaod

26 973 28 977 ’
96 970 130 1030 in
153 970 209 1029 hac
230 970 327 1047 figura
350 970 407 1029 erit
429 973 580 1030 ostensum
603 990 638 1028 ex
661 969 772 1049 regulis
795 970 991 1031 arithmetice.

187 1058 405 1119 Vicesimum
428 1060 599 1135 quintum.

60 1160 86 1198 1⁰
190 1147 278 1207 Volo
300 1148 463 1207 invenire
486 1147 573 1207 duas
596 1149 712 1208 lineas
734 1148 771 1206 in
788 1148 957 1224 potentia
975 1149 1093 1207 incon·

98 1237 337 1312 manicantes,
378 1236 606 1296 continentes
642 1236 808 1312 mediale,
850 1256 1003 1313 quarum
1040 1236 1094 1294 duo

100 1324 278 1400 quadrata
301 1325 494 1384 coniuncta
517 1329 601 1384 sunt
622 1325 813 1385 rationale.

187 1412 318 1491 Signabo
345 1413 438 1491 igitur
465 1414 540 1473 duas
566 1414 660 1475 lineas
684 1416 725 1473 ab
749 1417 779 1473 et
801 1416 854 1490 by,
876 1409 979 1493 <que>
1001 1414 1034 1472 in
1053 1430 1096 1490 po·

97 1501 195 1561 tentia
217 1505 336 1561 tantum
358 1501 418 1562 sint
439 1503 602 1562 rationales
624 1506 655 1563 et
678 1503 943 1580 communicantes,
969 1523 1026 1579 que
1048 1501 1100 1562 sint

59 1604 86 1644 15
98 1590 194 1668 figure
226 1591 351 1666 septime
383 1589 493 1650 decime
525 1591 616 1651 huius
646 1592 751 1668 partis.
800 1590 906 1667 Sitque
934 1593 976 1652 ab
1003 1594 1099 1669 potens

99 1697 190 1754 supra
216 1680 256 1752 by
283 1679 444 1738 secundum
471 1683 664 1757 augmentum
691 1680 830 1756 quadrati
852 1680 945 1756 linea,
973 1681 1021 1740 cui
1042 1680 1101 1779 ipsa

97 1767 363 1827 incommunicat
354 1787 387 1825 ιιι
413 1768 612 1903 longitudine,
640 1772 671 1828 et
693 1769 733 1828 sit
755 1772 886 1845 quatuor
909 1789 944 1829 ex
965 1768 1100 1839 numeris3

168 2367 539 2482 (μβ-Λή
246 2459 347 2508 meua
530 2464 697 2522 aequabat
778 2467 930 2516 rectum

101 2638 131 2692 et
159 2636 198 2708 by
226 2635 266 2694 sit
292 2636 377 2694 radix
404 2640 479 2696 octo.
525 2636 698 2695 Describam
721 2640 821 2695 autem
844 2655 934 2712 supra
958 2639 1000 2697 ab
1024 2635 1102 2696 semi·

101 2723 245 2781 circulum
264 2725 343 2799 cdb,
362 2727 393 2782 et
410 2725 542 2784 dividam
560 2727 600 2799 by
616 2725 649 2783 in
668 2724 726 2785 duo
744 2725 842 2784 media
860 2744 953 2801 supra
966 2729 1104 2801 punctum

60 2825 87 2864 ao
102 2829 128 2886 c,
156 2814 187 2869 et
213 2812 254 2872 sit
275 2810 460 2892 <medietas>
481 2812 567 2873 radix
593 2811 733 2888 duorum,
760 2817 791 2872 et
817 2813 981 2891 adiungam
1009 2814 1104 2874 adab

102 2900 286 2975 superficiem
310 2901 446 2977 equalem
468 2903 614 2978 quadrato
638 2904 687 2977 be,
712 2922 770 2978 que
793 2902 832 2960 sit
851 2903 1031 2978 superficies,
1052 2919 1104 2978 que

100 2987 136 3045 fit
163 3007 198 3046 ex
225 3008 265 3050 aa
291 2989 322 3048 in
349 2992 400 3066 ab,
428 2992 507 3066 quod
530 2994 588 3065 est,
614 2993 649 3048 ut
677 2990 807 3050 dividam
830 2994 959 3066 quatuor
982 2992 1014 3050 in
1038 2992 1106 3050 duas

101 3076 246 3136 sectiones
282 3078 397 3153 taliter,
429 3082 468 3138 ut
504 3079 543 3138 sit
578 3079 790 3155 multiplicatio
826 3079 913 3138 unius
946 3100 1049 3139 aarum
1077 3079 1105 3136 in

102 3167 228 3225 alteram
256 3166 324 3225 duo.
372 3167 440 3227 Erit
467 3187 537 3246 ergo
565 3187 624 3226 una
652 3168 779 3226 duarum
806 3168 972 3228 sectionum
1000 3170 1107 3229 ducet

61 3265 88 3306 2⁵
101 3255 186 3313 radix
214 3254 352 3332 duorum,
380 3260 410 3314 et
438 3257 533 3315 altera
560 3256 618 3315 duo
646 3256 759 3333 absque
786 3256 885 3315 radice
915 3257 1054 3331 duorum,
1080 3257 1107 3314 et

102 3343 247 3402 minuitur
279 3364 313 3402 ex
346 3347 386 3404 ab
417 3347 589 3421 quadratus.
639 3346 680 3403 Et
706 3345 879 3420 protraham
909 3363 928 3404 a
957 3350 1066 3422 puncto
1092 3360 1108 3403 r

157 3557 183 3609 8.
206 3551 382 3612 amsmetioe.
