2340 3834
383 174 433 229 AD
451 175 638 230 EUCLIDEM
654 175 721 231 LIB.
735 175 768 231 X.
1007 171 1073 238 253

50 342 252 418 quantitatis,
273 343 360 402 radix
382 343 410 402 ei
427 344 680 404 incommunicans
699 344 808 418 existit,
831 343 909 402 sicut
925 319 1074 402 ternarius

55 430 79 486 et
95 430 241 491 ternarii
261 432 355 511 radix.
401 433 561 492 Ternarius
586 452 713 508 namque
737 435 768 490 et
789 432 914 492 ternarii
936 433 1021 491 radix
1042 433 1074 490 in

10 598 12 603 ,
57 516 251 594 lungitudine
288 525 358 581 sunt
393 522 691 596 incommunicantes,
728 522 870 597 quoniam
906 541 998 579 unum
1030 525 1075 581 est

10 608 46 659 dt
60 605 210 668 rationale
231 604 236 690 Ι
256 613 287 669 et
309 611 438 670 alterum
461 614 506 670 est
528 611 660 669 surdum:
686 610 833 670 ternarius
855 611 958 686 itaque
981 610 1075 669 radici

62 694 189 756 ternarii
209 698 462 758 incommunicatus
485 699 594 758 existit.
631 699 790 757 Ternarius
812 717 882 758 vero
900 699 933 756 in
951 699 1075 758 ternarii
1102 711 1115 750 5

24 856 27 861 Ι
64 781 195 845 radicem
217 788 322 847 duetus
346 788 447 847 existit
470 788 583 865 surdus,
607 792 637 846 et
660 788 751 846 etiam
775 787 847 863 quia
869 788 976 847 surdus
995 787 1074 847 cubi·

66 887 109 928 ⁰118
144 876 253 936 existit.
302 876 429 953 Propter
456 878 510 936 hoc
538 896 608 954 ergo
636 876 782 952 sequitur,
804 879 839 934 ut
864 876 958 935 omnis
982 897 1074 952 quan·

65 956 152 1038 titaS,
183 984 242 1041 que
267 965 390 1041 ponitur
416 983 569 1041 numeruS,
601 965 641 1024 sit
667 965 836 1039 rationalis,
865 965 944 1023 unde
975 985 1075 1026 omnes

67 1053 250 1120 quantitates
278 1055 307 1112 ei
333 1055 584 1114 communicantes
609 1056 697 1113 erunt
719 1054 894 1128 rationales,
922 1058 952 1112 et
975 1073 1074 1114 omnes

67 1142 251 1208 quantitates
270 1143 298 1202 ei
314 1143 598 1203 incommunicantes
613 1146 682 1201 sunt
695 1138 934 1220 <ir>rati0nales
968 1141 1074 1212 Quam·
1090 1158 1115 1196 ro

66 1221 167 1288 obrem
194 1231 379 1307 quantitates
407 1232 546 1291 dicuntur
567 1233 661 1290 dividi
682 1232 714 1290 in
737 1232 810 1290 duas
832 1231 943 1307 primas
966 1234 1076 1307 partes,

67 1327 195 1383 quarum
216 1339 278 1379 una
302 1324 347 1380 est
368 1321 577 1395 rationalis,
601 1341 658 1397 que
677 1322 722 1379 est
741 1340 784 1397 ea,
808 1320 890 1379 cuius
908 1320 1075 1379 numeratio

66 1413 201 1467 Sel'mone
224 1409 414 1485 exprimitur,
441 1410 518 1469 sicut
538 1429 606 1469 cum
628 1410 752 1468 dicimus
775 1410 884 1484 decem,
908 1412 937 1467 et
959 1408 1076 1486 viginti,

66 1489 89 1544 tl
115 1495 255 1574 triginta,
278 1501 309 1557 et
332 1518 389 1574 que
410 1499 457 1558 his
480 1502 550 1558 sunt
572 1498 694 1572 similia3
718 1498 813 1557 altera
831 1517 900 1558 vere
924 1489 1075 1579 surdal),

10 1630 12 1649 .
66 1591 122 1647 que
147 1589 199 1661 est,
218 1607 276 1663 que
295 1587 392 1646 verbis
412 1588 538 1664 exprimi
555 1590 601 1646 est
617 1587 809 1663 impossibile,
829 1587 1076 1663 quemadmodum
1090 1598 1116 1639 15

10 1694 12 1747 ς
64 1679 256 1762 n}1111erorum
277 1675 405 1751 radices,
428 1677 480 1752 qui
502 1696 562 1736 non
584 1679 653 1734 sunt
676 1676 832 1751 quadrati,
853 1680 889 1734 ut
912 1677 1024 1750 decem,
1047 1678 1078 1734 et

10 1812 12 1817 ,
63 1758 184 1841 Vlginti,
207 1768 238 1823 et
257 1763 393 1842 triginta,
411 1769 442 1824 et
461 1765 668 1842 quadraginta,
686 1767 717 1823 et
735 1765 956 1840 superficierum
973 1766 1078 1838 latera,

62 1855 123 1935 §1¹1³
150 1872 209 1911 non
231 1856 301 1912 sunt
323 1853 435 1929 cubica,
457 1855 509 1913 sed
528 1854 622 1913 solida
641 1854 823 1913 diversorum
840 1855 979 1929 laterum,
1002 1854 1079 1912 sicut

61 1925 155 2008 illud,
177 1941 257 2016 quod
277 1942 312 2001 fit
335 1962 371 2001 ex
392 1942 508 2002 binario
531 1942 562 2000 in
584 1943 748 2001 ternarium
771 1946 801 2001 et
824 1963 858 2001 ex
880 1943 935 2001 hoc
954 1943 986 2000 in
1004 1962 1077 2018 qua-

60 2014 242 2104 ternarium
265 2031 347 2105 quod
369 2034 415 2090 est
435 2032 544 2108 viginti
567 2035 710 2107 quatuor,
735 2031 819 2090 cuius
841 2033 922 2090 latus
946 2034 991 2090 est
1013 2049 1077 2090 sur·
1092 2044 1118 2083 2⁰

61 2099 157 2192 lum,
181 2137 241 2177 non
268 2119 347 2178 enim
374 2138 507 2180 sermone
535 2120 720 2196 exprimitur,
752 2120 913 2178 secuudum
940 2119 1020 2195 quod
1047 2120 1078 2176 in

59 2204 261 2276 aquantibus
284 2209 450 2282 ostendam3
474 2212 504 2267 et
527 2228 584 2284 que
602 2208 648 2266 his
667 2207 834 2284 similium,
858 2212 888 2267 et
906 2227 963 2283 que
981 2227 1017 2265 ex
1035 2207 1077 2266 eis

60 2285 112 2343 lsi}
142 2297 311 2372 composita,
335 2300 388 2355 aut
407 2297 503 2356 divisa
521 2297 558 2356 ab
577 2316 625 2371 ea,
648 2300 703 2355 aut
721 2297 884 2372 composita
902 2315 969 2354 cum
986 2295 1077 2355 ratio·

59 2373 145 2457 nali,
166 2388 218 2443 aut
240 2385 336 2443 divisa
359 2404 378 2444 a
399 2386 550 2461 rationali,
572 2389 603 2444 et
625 2405 684 2462 que
706 2386 819 2444 fuerint
840 2386 886 2444 his
910 2384 1019 2442 similes
1044 2404 1079 2442 ex

58 2468 223 2532 speciebus
246 2473 399 2533 divisionis
423 2476 453 2532 et
475 2474 703 2550 compositionis.
1092 2485 1119 2526 2⁵

163 2560 274 2620 Surda
301 2581 371 2621 vero
399 2562 543 2622 dividitur
569 2564 600 2621 in
628 2565 700 2622 duas
724 2563 835 2638 primas
858 2565 971 2638 p'arteS,
997 2561 1077 2620 sim·

58 2631 200 2708 ilicem
222 2650 361 2709 videlicet
383 2655 414 2710 et
436 2653 676 2728 compositam.

163 2737 320 2814 Simplex
335 2739 454 2815 quidem
468 2744 521 2815 est,
535 2761 592 2816 que
607 2740 782 2816 simpliciter
794 2739 890 2799 verbis
905 2739 1080 2815 exprimitur

58 2818 233 2885 ⁸ecundum
256 2828 499 2904 compositionem
522 2830 561 2888 ad
577 2849 733 2888 numerum
751 2849 850 2903 unum,
872 2829 947 2887 sicut
966 2827 1079 2886 radices

58 2905 181 2989 ⁸01um3
201 2920 232 2975 et
249 2917 420 2976 nominatur
437 2919 630 2978 rationalis
649 2919 685 2976 in
703 2917 881 2994 potentia,
901 2916 977 2976 sicut
994 2916 1078 2974 radix
1092 2931 1118 2970 au
1148 2930 1151 2939 ·

59 3000 285 3035 N—

145 3096 171 3144 5.
189 3088 286 3144 existit
303 3087 391 3141 radix.
422 3119 456 3128 -
485 3092 525 3142 15.
549 3086 653 3159 verbis]
672 3071 779 3160 ffiurs·
803 3118 839 3126 —
861 3091 904 3140 23,
928 3101 962 3139 ex
981 3102 1021 3140 ea.
1047 3117 1079 3126 -

58 3155 269 3232 ssompositum.

57 3247 288 3282 x.—...

78 3398 86 3410 ⁸
147 3342 174 3408 1)
196 3337 273 3392 Nota
296 3334 484 3390 differentiam
506 3335 581 3390 inter
602 3335 676 3388 hanc
700 3333 851 3388 secundam
868 3335 979 3402 partem
998 3332 1080 3385 huius

58 3385 142 3466 llbri
167 3412 195 3465 et
216 3408 343 3479 primam.
379 3407 412 3460 In
433 3407 525 3476 prima
541 3423 686 3475 nunquam
703 3421 792 3474 paene
811 3403 914 3458 dicitur
936 3403 1081 3457 irratio-

56 3477 169 3538 halis
190 3479 334 3549 quantitas
359 3479 473 3546 surda3
495 3477 526 3531 iu
544 3478 666 3532 secunda
684 3479 765 3547 parte
783 3478 882 3530 autem
896 3474 1018 3528 ueritum
1035 3473 1083 3524 ir-

56 3548 261 3609 rationarii
278 3549 390 3606 omuino
408 3567 466 3606 non
485 3549 639 3608 invenitur.
