2340 3834
389 111 440 166 AD
457 110 643 167 EUCLDEM
661 112 728 167 LIB.
743 111 763 167 Ι.
1038 113 1082 176 43

62 281 132 355 sed,
147 280 220 340 licet
233 280 309 340 alius
323 280 482 357 habeatur,
501 299 561 339 non
578 283 679 340 tamen
693 273 821 340 habetur
834 281 899 341 iste.
936 281 1082 340 Possibile

62 374 170 430 tamen
194 373 247 445 est,
269 373 305 428 ut
327 370 498 448 triangulus
522 370 649 429 duorum
672 370 823 446 equalium
845 371 975 428 laterum
994 389 1083 446 super

64 460 171 518 datam
194 461 306 517 rectam
327 458 438 517 lineam
461 477 576 534 semper
602 459 659 518 hoc
681 459 767 519 modo
791 459 1000 519 constituatur.
1008 452 1032 534 ¹)

157 546 206 605 Sit
226 547 307 606 linea
328 547 400 606 data
423 548 472 606 ab.
515 547 630 607 Ponam
652 547 755 623 itaque
775 566 794 606 u
813 550 946 607 centrum
969 547 1082 620 circuli,

66 640 98 695 et
116 655 184 695 cum
203 636 309 712 spatio,
328 635 409 711 quod
428 639 472 694 est
494 637 574 694 inter
591 655 611 695 u
629 639 660 694 et
678 638 703 712 b,
726 636 891 695 describam
910 656 1013 695 arcum
1034 638 1081 710 by.
1109 645 1122 686 ⁵

66 725 176 785 Postea
198 743 309 800 ponam
327 727 343 784 b
362 727 511 800 centrum,
537 728 567 783 et
590 743 656 784 cum
675 725 781 801 spatio,
806 725 887 801 quod
906 729 951 784 est
969 725 1082 784 interd

66 2112 97 2167 et
121 2127 153 2183 u,
181 2108 344 2167 describam
367 2128 469 2168 arcum
497 2110 554 2183 ad,
581 2109 612 2166 et
634 2107 807 2183 protraham
829 2107 940 2167 lincam
967 2109 1008 2166 ub
1037 2125 1079 2164 se-

66 2197 198 2256 cundum
224 2197 434 2256 rectitudinem
465 2198 497 2255 in
529 2198 602 2255 duas
629 2199 730 2271 partes
759 2195 797 2254 ad
824 2195 899 2255 duos
927 2215 1013 2255 arcus
1041 2197 1080 2269 by

67 2288 98 2343 et
122 2287 174 2344 ud.
219 2285 260 2343 Et
283 2287 354 2362 quia
374 2305 419 2361 po
442 2287 487 2346 est
510 2285 623 2361 equalis
647 2286 702 2359 ub,
721 2287 752 2344 et
769 2286 813 2344 ab
832 2288 877 2342 est
895 2286 1010 2361 equalis
1029 2285 1079 2358 bd,

67 2393 139 2451 ergo
163 2393 205 2448 uu
227 2376 272 2434 est
295 2376 409 2450 equalis
432 2377 482 2435 bd.
522 2375 626 2435 Posita
645 2393 715 2451 ergo
735 2375 776 2433 uh
795 2375 943 2432 communi
967 2374 1023 2432 erit
1038 2375 1080 2447 pb
1095 2386 1121 2425 10

67 2463 186 2538 equalis
209 2465 260 2523 ud.
305 2464 378 2523 Post
400 2465 456 2523 hoo
477 2482 587 2539 ponam
609 2482 629 2522 u
652 2466 798 2537 centrum,
830 2466 860 2520 et
883 2482 951 2521 cum
973 2462 1080 2539 spatio,

67 2551 151 2628 quod
175 2555 219 2610 ost
241 2552 319 2610 inter
342 2572 361 2612 u
384 2555 415 2612 et
438 2554 458 2612 d
480 2552 643 2611 describam
666 2552 823 2626 circulum,
852 2553 903 2627 qui
926 2553 965 2611 sit
988 2552 1079 2611 circu·

66 2641 114 2700 lus
137 2641 205 2700 dre.
249 2640 364 2700 Deinde
382 2661 491 2717 ponam
509 2642 526 2700 b
545 2645 689 2715 centrum,
712 2643 742 2698 et
760 2640 921 2699 seeundum
940 2642 1080 2717 spatium,
1150 2701 1155 2711 ,

68 2729 150 2805 quod
173 2731 218 2788 est
244 2729 322 2789 inter
350 2732 366 2789 h
390 2733 420 2788 et
444 2750 477 2805 9,
503 2729 667 2789 describam
690 2729 841 2804 circulum,
865 2727 950 2805 <qui
964 2730 1004 2789 sit
1026 2729 1080 2788 cir-

65 2813 173 2895 culus>
198 2822 269 2894 pat,
302 2822 333 2877 et
358 2819 533 2894 protraham
564 2838 582 2876 a
610 2820 721 2892 puncto
749 2835 778 2886 a,
807 2819 886 2893 quod
914 2822 959 2878 est
986 2817 1119 2877 sectio1⁵

66 2907 196 2965 duorum
214 2906 398 2984 circulomm,
422 2908 495 2966 duas
513 2906 607 2965 lineas
630 2924 671 2965 aa
692 2909 722 2964 et
739 2907 785 2964 ab.
831 2907 872 2964 Et
895 2908 967 2984 quia
989 2926 1079 2983 punc-

64 2999 133 3055 tum
160 3013 180 3054 a
206 2999 252 3055 est
281 2999 416 3055 centrum
442 2996 546 3056 circuli
572 2996 647 3070 ade,
676 2996 706 3052 et
733 2995 794 3052 iam
825 2999 977 3071 protracta
1010 3000 1080 3054 sunt

64 3084 104 3144 ab
120 3103 154 3143 eo
170 3083 208 3142 ad
226 3084 482 3145 circonferentiam
499 3084 593 3160 ipsius
608 3083 664 3141 due
678 3087 758 3142 recte
771 3084 858 3159 linee,
878 3105 935 3160 que
950 3087 1080 3144 suntad

137 3259 163 3308 2.
181 3252 231 3309 ita.
251 3285 286 3295 -
306 3259 346 3308 14.
367 3255 411 3326 ὀρ,
431 3285 465 3294 -
485 3258 526 3307 18.
546 3252 583 3307 ab
602 3269 635 3306 eo
655 3253 703 3324 ad]
723 3253 759 3307 ab
778 3253 878 3324 egcidi.

139 3419 153 3466 1
183 3413 261 3468 Haec
279 3412 434 3484 propositio
449 3411 535 3466 etiam
554 3411 630 3480 apud
648 3411 778 3464 Paocnnn
796 3418 857 3481 218,
873 3418 951 3480 lasq.
966 3411 1078 3481 legitur,

63 3483 118 3540 sed
198 3503 257 3540 oria
275 3483 382 3540 mantio
400 3502 457 3540 non
474 3483 514 3539 fit.
551 3481 696 3536 Invenitur
719 3483 806 3539 etiam
830 3483 906 3552 apud
923 3482 1085 3537 Gammausa.
