2340 3834
97 176 119 238 4
380 171 543 227 ANARITII
560 169 813 226 OOMMENTARII

96 344 241 420 pinquum
268 356 432 416 commune,
460 340 540 416 quod
566 343 612 398 est
638 339 741 413 situm,
769 341 889 413 separat
913 340 1060 414 punctum
1085 359 1102 395 a

96 435 228 506 tempore
256 432 286 488 et
312 432 394 488 motu
417 433 447 489 et
469 429 505 487 ab
529 447 631 486 eorum
653 427 900 500 extremitatibus;
926 429 956 484 et
979 445 1014 485 ex
1036 427 1102 503 hoe,

98 519 178 595 quod
200 518 334 594 diximus,
357 535 525 594 separamus
547 520 691 594 punctum
715 536 732 573 a
754 515 914 592 superficie,
938 519 968 573 et
990 515 1104 574 lineam

99 627 273 684 acorpore,
296 607 425 682 qualiter
447 607 545 666 situm.
596 604 687 675 Quasi
715 599 783 682 <91>
809 605 873 663 1999
900 604 988 662 huius
1015 602 1103 663 dicti:

70 714 174 772 5„non
196 695 305 755 habens
328 691 555 754 (11111911919119111ιι
577 692 725 752 diceretur
746 713 800 769 per
821 693 933 769 ipsum,
957 695 1002 751 991
1024 693 1104 752 91911

98 784 280 860 extremitas,
313 787 366 842 aut
393 787 547 860 separetur
574 783 663 840 aliam
695 783 725 839 et
757 802 774 839 a
801 781 953 857 superficie
981 775 1055 859 <et>
1084 800 1103 840 a

98 892 226 949 corpore,
250 873 390 949 quoniam
411 873 525 931 nullam
547 873 653 929 horum
674 870 764 928 habet
786 870 1005 928 dimensionem.

186 960 310 1031 Qumau
346 979 415 1020 vero
456 953 549 1037 sunl)
592 959 743 1017 diffiniunt
777 960 922 1034 punctum
958 957 1103 1017 dicentes:

97 1053 271 1127 punctum
294 1068 368 1109 esse
386 1049 562 1108 unitatem
579 1048 768 1106 habentem
786 1048 905 1122 situm,
929 1047 1006 1105 sicut
1025 1047 1103 1104 diffi-

59 1140 185 1202 roniunt
211 1139 358 1198 unitatem
384 1137 526 1196 dicantes:
558 1156 633 1195 esse
667 1139 838 1211 punctum
869 1154 937 1194 non
967 1134 1104 1194 habens

99 1229 217 1286 situm.
262 1226 357 1297 Quam
380 1226 584 1284 diffinitionem
606 1225 759 1299 dederunt,
782 1243 843 1282 non
865 1227 901 1282 ut
923 1226 1000 1282 esset
1021 1243 1104 1301 vera,

99 1317 149 1375 sed
171 1315 450 1375 transmutationem
472 1314 614 1372 faciendo.
659 1314 723 1372 Hoc
745 1313 811 1371 ideo
831 1318 882 1388 est,
907 1313 985 1387 quod
1008 1313 1104 1373 conti·

99 1424 158 1463 nua
181 1407 211 1463 91
233 1405 358 1462 (11991919
381 1402 614 1461 diversificantur
636 1402 754 1477 insitu,
778 1420 847 1479 ergo
865 1401 931 1459 finis
949 1404 1049 1460 motus
1073 1405 1105 1461 91

99 1495 213 1552 instans
248 1492 343 1569 magis
378 1492 544 1567 propinqua
579 1494 689 1567 puncto
727 1509 817 1565 quam
847 1491 948 1548 unitas
980 1495 1105 1566 propter

61 1605 86 1645 15
101 1581 352 1656 communitatem,
381 1600 438 1655 que
461 1584 506 1638 est
528 1580 605 1638 inter
627 1598 662 1637 ea
685 1579 844 1638 secundum
866 1579 1105 1656 continuitatem,

101 1686 157 1746 que
179 1689 238 1727 non
261 1672 305 1728 991
327 1669 359 1726 in
380 1669 501 1726 unitate.

188 1758 252 1835 Ego
277 1760 375 1815 autem
392 1757 464 1833 dico,
488 1757 568 1832 quod
585 1757 709 1814 unitas
729 1758 784 1814 est
806 1775 860 1814 199
880 1774 1003 1814 carens
1021 1775 1105 1831 par-

100 1847 196 1905 tibus
225 1848 259 1904 91
286 1845 372 1922 situ,
401 1849 434 1904 91
455 1845 672 1921 principium
694 1844 916 1920 quantitatis
940 1844 1105 1904 (11991919.

187 1934 272 1992 Dixit
293 1935 464 1994 Euomnns:
493 1935 588 1992 Licca
617 1938 658 1992 ast
683 1935 827 2007 louqttudc
853 1936 916 1992 stoc
943 1935 1104 1992 1911111199.

61 2047 87 2087 20
190 2021 285 2098 Supra
316 2024 370 2082 hoc
401 2042 470 2082 1911
503 2023 577 2080 dixit
609 2021 849 2081 Sauaamomus:
885 2021 978 2079 Linea
1013 2022 1106 2081 habat

101 2111 287 2188 principium,
310 2132 344 2170 ex
368 2130 426 2186 quo
450 2112 513 2186 ipsa
531 2111 602 2186 fuit,
630 2110 710 2186 quod
732 2113 777 2168 est
802 2113 953 2185 punctum,
982 2113 1012 2168 et
1039 2111 1106 2186 ipsa

102 2203 148 2258 ost
168 2201 346 2276 principium
367 2199 538 2275 superficiei.
588 2198 664 2269 Quia
690 2217 760 2257 vero
787 2199 852 2274 ipsa
878 2199 938 2257 fuit
965 2218 1000 2257 91
1022 2200 1104 2273 prin-

102 2289 178 2364 cipio
201 2288 340 2363 indiviso,
368 2292 413 2347 est
434 2288 599 2365 longitudo,
629 2290 659 2346 et
681 2287 750 2363 quia
773 2287 838 2363 ipsa
860 2290 905 2345 cst
926 2287 1106 2363 principium

102 2377 281 2453 latitudinis,
309 2379 353 2435 ast
384 2377 446 2435 sine
478 2376 644 2434 latitudine.
696 2374 789 2433 Linea
821 2394 936 2450 quoque
968 2375 1005 2433 ab
1038 2376 1105 2435 aliis

64 2488 90 2528 as
103 2468 241 2541 separata
259 2468 303 2524 cst
322 2461 422 2542 <11ο11>
442 2484 507 2523 oum
525 2465 699 2522 diffinitione
716 2464 865 2541 negativa,
888 2465 939 2523 sed
957 2484 1025 2523 cum
1043 2483 1105 2539 qua

102 2557 147 2612 991
170 2554 324 2612 affirmata.

189 2633 404 2718 Hnnomnnst
443 2644 542 2699 autem
579 2640 718 2700 diffinivit
749 2640 857 2698 lineam
889 2640 1000 2699 dicens:
1031 2660 1104 2699 eam

104 2749 180 2789 9999
203 2730 458 2806 quantitatem,
486 2748 551 2804 que
578 2729 685 2786 habet
711 2748 812 2787 unam
840 2729 1103 2787 dimensionem.

103 2819 174 2876 Anu
197 2822 297 2878 autem
319 2818 464 2876 diffiniant
487 2836 551 2876 cam
574 2816 715 2876 dicentes:
739 2836 812 2876 eam
836 2836 914 2876 esse
938 2817 1102 2876 extremi·

65 2910 214 2971 aetatem
237 2907 458 2982 quantitatis
481 2907 649 2964 continue
667 2906 832 2964 habentis
855 2907 975 2981 situm,
999 2925 1103 2982 quam

105 2999 249 3071 separat
266 2998 447 3071 punctum,
470 3014 528 3070 que
546 2995 701 3053 manifeste
720 2998 843 3071 apparet
861 2995 892 3053 in
910 2995 1103 3068 sensibilibus

106 3085 216 3143 scilicet
238 3084 315 3142 inter
336 3085 430 3142 lucem
453 3087 482 3142 et
504 3075 676 3160 umbram.³)

106 3286 137 3332 31
176 3215 200 3263 1.
220 3208 316 3280 situm]
336 3210 433 3263 satum.
454 3239 486 3247 —
510 3214 550 3261 11.
569 3224 625 3275 qua
644 3206 818 3263 diffinitione.
838 3239 870 3249 -
891 3214 931 3262 14.
951 3207 1048 3263 istans.
1069 3239 1103 3248 —

141 3323 147 3334 .
167 3296 229 3347 qua.

178 3397 204 3463 1)
222 3396 345 3448 Paoonus
360 3400 402 3463 95,
417 3400 449 3447 21
457 3411 496 3461 sq.
511 3392 564 3447 hoc
578 3392 780 3462 Pythagoraeis
793 3392 900 3447 tribuit.
917 3425 951 3434 —
969 3397 997 3464 2)
1014 3395 1104 3448 Huno-

107 3485 191 3518 mnau
217 3465 292 3520 idem
324 3482 384 3520 esse
411 3482 444 3519 ac
468 3464 620 3518 Hunorum
642 3463 874 3518 verisimillimum
905 3467 954 3519 est.
1006 3465 1105 3520 Confer

108 3536 194 3591 ctiam
211 3538 340 3592 Pnocnuu
359 3543 401 3605 97,
421 3542 496 3590 7-8,
515 3567 550 3575 -
568 3538 595 3604 3)
614 3534 746 3605 Paocnus,
767 3541 825 3604 100,
845 3541 878 3589 14
888 3552 927 3603 sq.
