2340 3834
168 138 327 208 aurnum
346 151 603 208 commiseram
621 153 671 207 An
691 153 876 208 autumem
894 153 962 208 um.
977 153 1010 208 u.
1053 141 1097 218 89

10 346 13 355 ·
65 320 324 398 congregabitur,
350 323 404 397 60,
432 321 483 397 qui
513 323 558 380 est
586 322 699 398 equalis
724 323 763 398 ei,
792 323 873 398 quod
898 324 1097 400 congregatur

69 422 122 462 ex
151 410 390 486 multiplicatione
412 405 478 488 <6>
500 409 533 468 in
557 410 624 485 duo,
650 414 772 487 etpost
795 430 830 470 ea
853 411 885 470 iu
909 413 941 487 3,
970 413 1000 469 et
1027 413 1096 487 post

71 491 116 549 in
150 498 174 555 5.
224 499 373 568 Quoniam
401 500 419 557 6
448 499 480 556 in
504 501 521 557 2
552 503 621 558 sunt
651 502 706 575 12,
734 503 764 558 et
788 502 806 558 6
835 500 867 557 in
892 502 910 558 3
938 500 1016 558 fiunt
1045 501 1097 574 18,

77 584 119 638 et
146 586 199 645 tin
215 589 231 646 6
247 588 324 645 fiunt
339 590 394 647 30:
422 606 505 664 ergo,
529 581 653 667 (quod)
671 589 809 664 provenit
832 609 867 646 ex
891 588 1098 648 coniunctione

79 668 178 732 trium
198 696 398 754 numerorum,
421 676 456 734 fit
480 678 529 735 60.
537 669 563 756 ¹)
1123 688 1137 728 5

174 764 256 823 Dixit
287 766 419 824 Yruuus:
452 765 521 823 Non
554 767 599 824 est
630 765 784 842 possibile,
816 768 852 823 ut
883 765 970 823 huius
1001 765 1098 842 figure

86 847 219 914 probatio
244 853 423 928 declaretur,
451 852 509 911 nisi
531 855 626 912 multe
649 854 726 912 linee
750 853 914 930 signentur.
959 854 1097 912 Aliarum

88 946 157 994 Vero
177 941 340 1018 figurarum
363 942 552 1018 probationes
571 943 711 1019 possibile
730 946 775 1001 est
794 942 989 1000 demonstrari
1007 943 1097 1001 unius

88 1018 203 1087 ttntum
233 1031 311 1089 linea
344 1030 557 1107 designatione.
607 1033 663 1091 Est
695 1032 786 1090 etiam
812 1030 966 1106 possibile,
999 1034 1034 1089 ut
1062 1051 1096 1089 ex

41 1183 45 1186 ,
88 1110 172 1174 unius
197 1119 276 1178 linee
303 1119 465 1195 positione,
493 1139 584 1196 quam
611 1120 805 1196 prediximus,
833 1119 891 1178 duo
918 1119 1096 1194 proveniant
1110 1132 1137 1172 1⁰

87 1199 293 1266 probationum
311 1208 401 1283 modi,
425 1228 552 1284 quorum
570 1228 646 1268 unus
665 1212 711 1268 est
728 1209 841 1283 modus,
860 1207 913 1284 qui
932 1208 1096 1266 attenditur

87 1295 246 1354 seeundum
265 1296 499 1372 dissolutionem,
517 1298 595 1356 alter
607 1317 678 1358 vero
691 1298 806 1374 modus,
825 1297 878 1372 qui
893 1297 1097 1355 consideratur

42 1435 45 1438 ,
86 1382 245 1443 seeundum
273 1385 525 1460 compositionem.
570 1386 776 1445 Dissolutio
800 1389 900 1444 autem
924 1388 981 1460 est,
1009 1379 1096 1464 (ut),

23 1448 63 1501 ²²
85 1467 219 1532 qualibet
251 1474 405 1549 questione
426 1467 430 1555 l
450 1475 619 1551 proposita,
650 1476 746 1551 primo
779 1493 924 1551 ponamus
957 1473 1032 1531 illud
1064 1474 1095 1532 in

82 1549 187 1637 Prdime
209 1561 253 1620 rei
276 1563 401 1638 quesite,
424 1582 480 1638 que
504 1566 549 1623 est
568 1563 700 1638 inventa,
723 1563 828 1622 deinde
846 1563 1017 1622 reducemus
1036 1556 1095 1640 <ad
1109 1574 1136 1615 1⁵

78 1629 202 1727 dmm),
230 1650 314 1708 cuius
341 1651 479 1727 probatio
506 1652 568 1710 iam
594 1652 743 1728 precessit.
792 1653 876 1711 Tunc
904 1671 973 1730 ergo
1002 1651 1095 1709 mani-

75 1716 195 1820 flffsstum
213 1738 348 1815 dicimus,
367 1740 524 1815 quodiam
542 1742 665 1800 inventa
684 1744 729 1799 est
742 1759 789 1800 res
804 1742 921 1817 quesita
936 1741 1096 1799 secundum

75 1803 318 1886 dlssolurionem.
370 1827 591 1904 Compositio
623 1848 694 1889 vero
722 1832 780 1905 est,
812 1833 846 1888 ut
873 1829 1050 1904 incipiamus
1078 1848 1096 1887 a

72 1909 105 1952 ¹¹0
129 1918 218 1992 nota,
241 1915 346 1975 deinde
371 1935 580 1992 componemus
602 1918 694 1977 donec
713 1938 760 1977 res
780 1918 897 1993 quesita
916 1917 1094 1977 inveniatur.

96 2004 166 2070 rgo
188 2007 260 2062 tunc
282 2023 329 2063 res
352 2005 470 2080 quesita
492 2005 554 2063 iam
577 2007 634 2065 erit
657 2008 816 2065 manifesta
839 2006 1000 2065 secundum
1018 2026 1094 2066 eom·
1109 2019 1137 2057 20

68 2083 269 2151 P0siei0nem.
320 2092 361 2152 nt
391 2097 552 2170 postquam
584 2095 765 2170 prediximus
794 2095 867 2169 ista,
898 2097 1031 2153 revertar
1058 2094 1096 2153 ad

69 2173 253 2240 questiones
276 2183 403 2258 nostraS,
426 2183 588 2242 secundum
611 2184 692 2259 quod
714 2183 895 2260 prediximus
915 2186 945 2241 et
962 2182 1095 2258 premisi-

67 2258 149 2345 QS
179 2269 238 2347 hie,
266 2264 339 2347 (et)
367 2290 402 2329 ex
427 2272 483 2330 hoc
509 2273 590 2348 vole,
618 2275 653 2331 ut
676 2272 842 2348 ostendam,
871 2272 950 2347 quod
973 2271 1095 2347 promisi

10 2366 13 2373 .
67 2326 142 2423 hie,
170 2358 200 2415 in
223 2358 290 2417 aliis
313 2359 416 2436 figuris
439 2360 526 2419 huius
549 2361 657 2436 partis,
681 2381 739 2438 que
763 2352 944 2440 secuntur.²)

67 2436 296 2477 &-

69 2573 101 2625 10
158 2533 181 2580 4.
207 2544 273 2597 ergo
294 2527 468 2608 provenient.
497 2560 531 2569 -
560 2536 585 2586 6.
608 2547 665 2585 non
689 2533 731 2584 est
753 2505 888 2598 possibile
913 2531 1036 2585 iteratim.
1061 2563 1094 2570 -

69 2642 84 2691 2
86 2622 114 2698 1·
147 2615 203 2666 qua
220 2599 400 2668 predrxrmus.
424 2631 457 2639 —
483 2605 524 2654 14.
543 2600 646 2674 primo]
666 2601 736 2656 dms.
761 2634 795 2641 —
819 2607 860 2655 16,
880 2618 944 2655 cum
962 2618 1036 2670 ergo.
1061 2635 1094 2642 -

97 2693 117 2738 ,-
147 2672 265 2723 reverta.

136 2813 589 2880 1)e-10=e-r†e·3÷e-e.
620 2842 649 2892 9

75 2849 197 2950 Fignra,
212 2897 285 2948 quae
299 2880 329 2934 in
338 2881 455 2950 Mscpto.
467 2881 590 2951 additur,
1069 2839 1085 2876 θ

80 2940 159 3004 misse
190 2968 303 3006 sensum
330 2950 462 3021 disponit.
512 2953 590 3007 Haec

84 2997 144 3073 fere
162 3025 215 3077 est:

140 3097 164 3162 2)
175 3093 256 3159 Quod
265 3093 343 3147 Hxao
350 3095 590 3161 »ἀῶθεοῑαιῑοηεφη(ί

10 3172 13 3189 ·
90 3160 223 3234 nominat,
254 3163 338 3218 hodie
365 3165 589 3232 „Klammcrauf-

94 3217 198 3306 ldmap‘
225 3233 410 3289 nominamus.
458 3235 589 3304 „Compo-

1072 3318 1095 3355 a,

94 3301 225 3362 mmmm
242 3321 309 3360 vero
324 3306 445 3360 Heroum
465 3307 589 3375 appella
626 3307 645 3355 b

94 3384 145 3431 mus
161 3377 370 3446 ,Absoridem
397 3377 540 3431 Interdum
558 3378 589 3430 hi

10 3460 19 3537 ,¹
94 3445 140 3502 duo
157 3446 236 3503 modi
255 3447 291 3501 ab
305 3447 419 3500 Hanomr
437 3447 597 3503 miscentur.
625 3448 885 3504 Demonstrationes
899 3448 1023 3501 Heroum
1037 3447 1099 3500 suis

10 3550 13 3583 ;
90 3517 152 3574 locis
170 3518 312 3574 modernis
329 3518 418 3587 signis
436 3519 643 3578 denotabimur.
