2340 3834
387 173 437 227 AD
456 172 640 227 EUOLIDEM
657 172 724 226 LlB.
740 172 772 226 X.
1019 169 1083 233 269

67 361 104 417 9,
135 345 166 401 et
192 342 246 400 fiat
272 361 304 400 v:
332 341 397 400 dico
424 341 531 418 igitur,
560 341 639 416 quod
667 359 681 400 e
708 343 753 400 est
775 341 860 399 radix
882 359 912 415 o,
941 340 1020 415 quod
1042 340 1084 398 sic

69 431 224 506 probatur.
262 429 410 500 Quoniam
432 430 512 489 enim
534 431 652 504 scimus,
676 430 757 505 quod
779 450 815 488 ex
835 429 1084 504 multiplicatione

69 522 88 578 b
113 519 145 577 in
168 538 199 579 se
221 519 322 596 ipsum
343 519 482 595 provenit
504 538 532 593 α,
555 513 628 596 <et>
647 539 682 577 ex
704 518 953 594 multiplicatione
972 517 1035 576 eius
1054 517 1085 574 in

67 611 91 668 d
115 609 254 684 provenit
277 626 303 667 a:
327 627 396 686 ergo
419 608 574 683 proportio
598 611 615 667 b
638 609 676 666 ad
694 609 715 667 d
735 610 781 666 est
799 608 877 666 sicut
893 607 1047 682 proportio
1067 625 1087 665 a

68 697 113 756 ad
141 715 163 756 e.
208 697 250 755 Et
278 697 416 756 similiter
443 698 534 755 etiam
562 699 578 756 b
606 696 822 771 multiplicetur
848 695 881 753 in
906 698 937 771 d,
966 698 997 754 et
1018 715 1085 771 pro·
1113 709 1125 748 s

66 786 174 844 veniet
202 804 228 862 e;
258 789 288 845 et
314 788 334 845 d
360 786 581 860 multiplicetur
602 786 633 843 in
656 804 686 844 se
709 785 819 860 ipsam,
847 788 877 843 et
900 784 935 843 fit
954 803 986 858 9:
1015 804 1085 861 ergo

71 875 230 951 proportio
255 876 271 934 b
295 874 375 934 add
398 878 444 934 est
467 875 545 933 sicut
567 874 720 950 proportio
745 892 759 932 e
782 874 819 932 ad
840 893 872 948 p,
896 892 965 950 ergo
986 873 1086 931 multi·

69 963 197 1040 plicatio
221 982 240 1022 a
262 963 294 1021 in
314 982 334 1038 9
358 967 403 1022 est
425 964 503 1023 sicut
525 963 735 1039 multiplicatio
755 981 769 1021 c
787 964 817 1020 in
837 981 867 1021 se
886 962 990 1037 ipsam.
1029 961 1087 1019 Sed

69 1052 287 1128 multiplicatio
320 1071 340 1111 a
371 1052 402 1110 in
432 1071 452 1125 9
482 1056 527 1111 est
555 1072 587 1127 o,
620 1070 689 1129 crgo
717 1051 927 1127 multiplicatio
956 1069 970 1108 c
996 1052 1028 1107 in
1055 1070 1086 1108 se

69 1142 171 1217 ipsam
199 1144 244 1200 est
270 1160 302 1200 a:
330 1159 400 1218 ergo
427 1136 484 1219 <e>
513 1143 558 1200 cst
584 1140 669 1199 radix
696 1160 726 1214 v3
759 1142 789 1199 et
815 1139 891 1197 illud
918 1142 976 1212 est,
1005 1139 1086 1214 quod
1101 1159 1126 1198 ro

68 1231 278 1288 demonstrare
301 1229 459 1288 voluimus,
902 1221 905 1229 ’

164 1319 206 1377 Et
220 1317 366 1393 similiter,
378 1318 402 1377 si
417 1318 547 1376 dicatur:
561 1318 769 1393 Multiplica
783 1316 939 1375 radicem
951 1316 1087 1375 radicis

71 1427 203 1466 novom
231 1408 267 1464 in
293 1406 449 1465 radicem
476 1407 610 1466 radicis
635 1398 832 1487 quatuor,¹)
855 1406 912 1464 erit
934 1406 989 1464 hoc
1012 1423 1087 1480 opus

69 1498 104 1554 in
136 1497 208 1571 hoc,
240 1499 277 1554 ut
307 1495 487 1571 multiplices
519 1515 625 1555 novem
656 1496 688 1553 in
720 1497 861 1570 quatuor,
897 1498 927 1552 et
959 1494 1087 1569 accipias

72 2633 213 2692 radicem
234 2633 342 2692 radicis
365 2635 437 2709 eim,
460 2635 540 2710 quod
561 2635 707 2711 provenit.
743 2636 811 2693 Erit
833 2636 911 2693 enim
933 2636 988 2694 hoc
1006 2635 1091 2712 illud,
1105 2645 1131 2686 15

76 2722 161 2799 quod
187 2722 372 2797 querebatur.
408 2723 500 2781 Verbi
521 2725 620 2801 gratia
637 2742 755 2799 ponam,
777 2727 813 2782 ut
831 2743 936 2782 novem
954 2725 994 2783 sit
1012 2724 1092 2783 linea

76 2831 107 2886 a,
134 2811 218 2869 cuius
236 2810 321 2868 radix
340 2812 380 2870 sit
393 2813 424 2885 b,
448 2815 477 2869 et
494 2812 609 2871 radixb
633 2813 673 2871 sit
686 2812 766 2871 linea
777 2831 809 2885 p:
833 2832 902 2889 ergo
916 2812 1028 2887 lineap
1047 2817 1092 2872 est

76 2899 167 2959 radix
185 2899 293 2958 radicis
313 2918 339 2959 a.
377 2901 418 2958 Et
439 2919 557 2976 ponam,
580 2904 614 2959 ut
638 2903 767 2976 quatuor
792 2901 832 2959 sit
854 2902 933 2960 linea
956 2904 983 2978 d,
1008 2903 1091 2961 cuius

75 2988 167 3047 radix
191 2988 231 3046 sit
252 2989 332 3047 linea
354 3008 382 3062 c,
405 2992 435 3047 et
457 2989 542 3047 radix
565 3009 579 3048 c
602 2990 641 3048 sit
661 2989 741 3048 linea
758 3009 789 3049 o:
813 3010 881 3067 ergo
900 2991 979 3050 linea
997 3010 1015 3050 o
1034 2991 1091 3051 erit

75 3077 167 3136 radix
189 3075 298 3135 radicis
321 3079 348 3136 d.
387 3078 593 3153 Multiplicabo
615 3078 710 3155 igitur
733 3098 752 3137 a
774 3079 805 3136 in
829 3081 860 3154 d,
884 3082 914 3138 et
936 3081 1090 3155 proveniet
1104 3092 1131 3130 2⁰

152 3271 178 3317 2.
198 3262 337 3328 Quoniam
355 3263 419 3318 ideo
439 3263 578 3318 scivimus.
598 3297 631 3304 —
652 3271 692 3319 14.
714 3264 813 3319 accias.
834 3297 866 3306 —
887 3271 928 3319 16.
948 3267 1091 3333 querceta-

75 3340 134 3392 tur.
154 3366 192 3375 -
212 3339 253 3388 18.
272 3337 305 3388 ut
321 3333 397 3388 linea
416 3337 544 3403 quatuor.

152 3515 909 3627 1>⁴a⁴b=taatatx=tssx=ox
1097 3534 1118 3615 a
