2316 3840
350 151 353 154 ’
389 142 440 198 AD
457 141 643 198 EUCLIDEM
660 142 727 198 LIB.
742 143 776 199 X.
1015 145 1080 209 231

83 300 122 359 αὖ
143 314 183 371 est
205 312 321 388 equalis
343 311 422 380 linea
441 312 499 385 ad,
523 315 553 370 et
575 330 617 385 up
640 315 685 370 est
708 312 822 388 equalis
845 331 897 387 ae,
920 333 990 390 ergo
1013 332 1080 389 pro·

90 398 171 460 torio
189 402 233 460 ad
255 400 294 459 ad
314 419 356 475 aq
379 403 424 460 est
443 401 519 460 siout
537 402 690 476 proportio
709 404 750 461 od
774 402 812 460 ad
831 421 877 462 oe.
913 401 1081 461 Secundum

94 487 277 552 probationem
300 508 369 549 vero
392 489 486 566 figure
508 490 603 564 prime
627 493 707 549 sexte
730 492 824 566 partis
848 491 905 549 erit
926 492 1079 567 proportio

92 575 126 633 ad
138 578 174 636 ad
191 597 233 652 ay
255 579 333 639 siout
354 578 508 654 proportio
527 577 692 653 superfioiei
710 581 752 638 bd
774 581 811 638 ad
830 579 1014 655 superficiem
1032 581 1081 655 by,

43 698 45 703 ·
90 664 113 721 et
133 669 282 743 proportio
309 667 412 726 lateris
436 669 477 726 ab
504 665 543 724 ad
570 667 650 725 latus
674 685 713 726 oe
744 668 801 726 erit
828 668 904 727 siout
926 669 1079 745 proportio
1106 678 1121 719 5

80 756 236 830 superficiei
258 757 298 830 by
331 757 369 815 ad
396 754 582 832 superficiem
602 774 655 830 qe,
687 759 717 815 et
743 757 799 816 hoo
826 757 986 816 seeundum
1013 777 1079 833 pro·

77 841 223 904 irationem
243 845 338 924 figure
361 845 514 903 undecimo
536 845 631 919 partis
656 845 768 919 quinte.
808 844 865 904 Sed
883 865 936 905 nos
955 845 1079 907 fecimus

252 1015 265 1052 C

258 1069 260 1217 Ι

56 1576 257 1943 l*

791 2038 794 2041 ’
836 2037 1079 2098 ''‘*“‘lr‘”“‘r⁴

85 2193 254 2265 superficiem
278 2199 311 2253 at
342 2195 478 2271 equalem
506 2195 670 2271 superficiei
697 2196 752 2268 db,
785 2195 815 2252 et
842 2193 1026 2269 superficiem
1044 2194 1078 2252 kl

89 2283 205 2352 equalem
228 2281 394 2359 superficiei
412 2285 461 2358 by,
484 2287 514 2343 et
536 2284 721 2360 superficiem
737 2301 793 2341 ma
816 2283 951 2357 equalem
974 2300 1076 2357 super-

91 2361 149 2428 ieiei
166 2391 216 2446 pe:
249 2391 319 2448 ergo
346 2373 499 2447 proportio
527 2372 691 2449 superficiei
713 2376 745 2432 at
772 2370 811 2429 ad
836 2371 1019 2446 superficiem
1042 2371 1075 2428 ru
1089 2382 1115 2420 1⁰

91 2456 125 2512 tsi
142 2461 214 2520 siout
236 2462 390 2537 proportio
412 2461 577 2537 superficiei
598 2463 632 2520 Iol
654 2461 693 2519 ad
715 2459 900 2536 superficiem
918 2478 980 2518 ma.
1018 2459 1076 2519 Sed

92 2549 235 2617 superficies
257 2553 318 2608 tres
340 2550 619 2628 parallelogramma
646 2552 715 2608 sunt
738 2549 825 2607 unius
848 2547 1018 2607 altitudinis
1046 2552 1076 2607 et

91 2640 161 2706 8uper
174 2639 259 2698 bases
279 2638 422 2697 diversas:
442 2658 511 2716 ergo
525 2639 678 2715 proportio
693 2637 859 2713 superficiei
871 2642 904 2697 rt
921 2637 960 2695 ad
974 2656 1075 2712 supar-

92 2710 166 2783 fioiem
185 2728 219 2786 Iri
241 2730 287 2786 est
309 2727 387 2786 siout
408 2728 561 2803 proportio
584 2728 661 2786 lineo
684 2729 720 2785 tt
741 2726 780 2784 ad
801 2727 911 2784 lineam
933 2728 972 2801 tt,
996 2726 1074 2802 quod

90 2808 187 2876 quidem
203 2817 249 2874 ita
268 2819 385 2875 constat
403 2835 465 2875 esse
480 2817 639 2878 seeundum
652 2815 859 2892 probationem
871 2814 965 2892 figure
979 2816 1074 2890 prime
1088 2825 1115 2866 1⁵

90 2902 151 2961 sexte
171 2905 274 2980 partis.
325 2905 365 2963 Et
392 2905 530 2963 similiter
557 2906 648 2964 etiam
671 2905 824 2981 proportio
853 2903 1019 2980 superficiei
1041 2904 1075 2961 tl

91 2981 119 3041 tl
128 2992 305 3069 superficiem
317 3012 373 3052 raa
391 2997 437 3052 est
450 2994 528 3053 siout
540 2993 693 3069 proportio
708 2993 785 3051 linee
800 2994 826 3050 tt
845 2992 882 3049 ad
900 2993 1011 3050 lineam
1025 2993 1074 3050 la:

88 3064 159 3157 <ergo
180 3080 334 3158 proportio
356 3082 434 3141 linee
456 3085 491 3141 ut
513 3082 551 3140 ad
573 3083 683 3141 lineam
705 3083 731 3140 tl
754 3084 799 3139 est
821 3080 898 3139 siout
919 3080 1073 3156 proportio

87 3161 146 3228 lineo
167 3173 192 3229 tl
219 3172 259 3230 ad
280 3170 391 3229 lineam
414 3173 456 3230 lu.
503 3169 644 3246 Sequitur
667 3189 750 3247 ergo,
779 3168 860 3244 quod
881 3164 980 3247 linea>
1003 3172 1073 3227 sunt

82 3252 254 3334 inpotentia
276 3262 396 3319 tantum
418 3260 579 3319 rationales
607 3260 691 3319 etin
714 3277 750 3317 ea
772 3260 890 3316 tantum
913 3257 1072 3318 communi-
1086 3267 1113 3307 2⁰

79 3375 278 3388 ὴ--ι-

139 3452 161 3501 1.
189 3445 297 3515 equalis
320 3464 362 3516 eq.
387 3478 420 3486 —
448 3452 472 3500 2.
502 3446 538 3500 ad
557 3464 598 3517 ep.
623 3477 658 3486 —
686 3451 711 3499 3.
739 3443 821 3497 huius
851 3446 935 3498 sexte.
964 3474 999 3483 --
1029 3448 1072 3496 12.

69 3516 305 3591 paralellograme.
325 3549 359 3557 -
380 3523 420 3570 17.
440 3516 544 3572 lineam
563 3519 610 3574 ba.
