2340 3834
388 160 777 218 mmmmmn
1020 165 1088 229 m

41 330 137 393 dine
161 336 192 392 et
218 332 378 409 potentia:
413 330 543 389 secunda
571 342 616 387 est
644 349 758 391 eanrrn.
796 351 853 407 que
880 348 947 390 suut
976 333 1086 391 iucom-

51 424 254 481 municantes
278 422 313 479 in
335 418 525 497 longitndine
547 432 577 476 et
600 421 748 494 potentia:
771 422 860 478 tertia
884 440 995 481 earum
1020 442 1086 497 que,

62 526 137 569 cum
155 516 227 571 sunt
250 509 541 569 incommunicantes
565 509 596 564 in
619 507 818 584 longitudine.
843 524 933 583 qsunt
956 528 1086 569 eommu-

67 596 222 677 nicantes)
244 600 279 657 in
301 598 449 673 potentia
486 595 572 664 Quod
596 608 696 653 autem
718 598 902 671 quantitates
924 600 1085 657 communi·

75 692 166 748 cantos
193 689 257 747 sint
285 686 541 745 communicantes
568 685 600 742 in
627 684 813 760 longitudine
840 701 869 742 et
895 686 1085 761 inpotentia
1112 702 1127 737 ἰν

11 832 14 837 .
79 772 371 847 incommunicautcs,
402 773 585 849 impossibile
617 786 670 831 est.
721 772 977 833 Communicantes
1007 776 1085 835 euim

12 872 22 903 ³·
85 861 310 944 inlongitutline
328 863 497 922 necessario
515 861 733 919 communicant
752 862 940 936 inpotentia.
976 862 1085 923 Onmes

11 978 27 1013 c
87 957 166 1013 tatem
191 954 387 1030 quantitates
412 952 520 1009 hamm
547 950 727 1009 divisionum
753 964 805 1007 aut
833 964 901 1008 sunt
924 952 1084 1010 rationales

11 1066 21 1102 :
89 1046 128 1101 tut
148 1044 250 1117 surde,
279 1052 333 1101 aut
361 1059 422 1099 una
445 1058 548 1096 earum
571 1052 616 1096 est
639 1039 793 1097 rationalis
816 1054 845 1095 et
868 1038 962 1095 altera
986 1040 1083 1098 sunia.

18 1154 26 1189 τ
90 1126 332 1191 communicantes
353 1147 426 1187 rero
446 1128 478 1185 in
498 1127 685 1203 longitudine
703 1140 731 1184 et
751 1127 884 1201 potentia
903 1140 972 1185 sunt
991 1142 1126 1202 quan-1⁰

27 1242 30 1247 ·
89 1216 184 1295 tutes,
211 1238 272 1296 que
299 1219 333 1276 in
359 1216 458 1294 figura
487 1216 615 1291 septima
642 1216 896 1275 demonstrantur.
923 1218 952 1272 et
980 1216 1022 1272 eis
1045 1217 1084 1275 si-

21 1362 24 1367 .
90 1307 165 1383 uiles3
187 1316 219 1368 et
242 1306 530 1366 incommunicantes
553 1304 585 1361 in
608 1303 792 1381 longitudine
815 1316 845 1362 et
863 1303 995 1379 potentia
1014 1308 1084 1363 sunt

11 1420 35 1473 c,
90 1392 138 1474 ille,
159 1419 218 1474 que
246 1398 280 1455 in
308 1395 466 1453 undecima
493 1392 590 1469 figura
612 1393 815 1461 declarantur,
842 1406 871 1451 et
895 1392 1005 1449 similes
1027 1393 1083 1465 cist

11 1508 31 1543 n
89 1480 260 1561 inpotentia
283 1483 536 1543 communicantes
560 1492 589 1539 et
610 1482 641 1538 in
659 1480 846 1557 longitudine
865 1481 994 1539 seiuncte
1013 1486 1082 1539 sunt

10 1594 24 1632 ι’.
89 1578 264 1649 quantitates,
288 1572 402 1649 quein
423 1571 521 1648 figura
545 1570 809 1646 septimadecima
833 1570 1082 1645 demonstrantur,
1097 1582 1124 1621 ro

10 1685 16 1703 ··
90 1662 167 1724 eicis
193 1663 318 1722 similes,
364 1659 625 1719 Communicantes
652 1668 754 1716 autem
781 1658 812 1715 in
839 1658 1023 1735 longitudine
1052 1664 1083 1717 et

22 1752 33 1805 ἓ.
89 1744 352 1811 incommunicantes
371 1750 403 1807 in
420 1748 556 1824 potentia
575 1747 758 1823 impossibile
772 1757 816 1806 est
831 1766 903 1815 esse,
921 1748 1083 1807 secundum

10 1874 15 1887 ·
90 1840 151 1909 quod
169 1842 310 1899 diximus.

10 1948 28 1963 ·‘
155 1930 314 2001 Dicitur,
351 1925 446 2001 quod
483 1926 579 1983 linea
617 1925 663 1982 fit
699 1944 808 2001 supra
839 1926 974 1984 lineam
1005 1945 1082 1984 cum

10 2036 25 2072 :¹
91 2022 259 2091 tegmento
282 2014 457 2092 quadrati
479 2015 575 2072 liuee
597 2013 701 2072 illius
724 2018 758 2072 et
781 2014 899 2089 illius,
927 2034 1004 2073 cum
1027 2016 1122 2072 fu-eo

10 2104 26 2160 i
90 2102 143 2163 erit
168 2106 389 2184 quadratum
420 2104 536 2179 ipsius
568 2102 702 2160 addens
732 2122 839 2177 supra
864 2103 1081 2178 quadratum

20 2222 25 2233 ·
88 2182 171 2256 illius
192 2195 416 2272 quadratum
437 2192 533 2251 linee
556 2191 659 2249 illius
681 2196 717 2249 et-
737 2191 849 2250 illius.

155 2285 265 2344 Linea
289 2283 386 2341 linee
408 2281 669 2340 communicare
692 2279 830 2339 dicitur
847 2279 883 2337 in
900 2280 1081 2356 potentia,

9 2386 16 2422 ῐ
85 2374 145 2429 lum
173 2374 368 2451 quadrata,
400 2390 467 2445 que
499 2390 539 2428 ex
570 2370 621 2427 eis
652 2369 764 2441 fiunt,
795 2388 863 2427 una
892 2370 1079 2445 quantitas

9 2472 14 2506 1
82 2444 179 2521 fuerit
199 2479 422 2521 mensurans.
1095 2472 1122 2511 2⁵

155 2552 301 2610 Dicitur
340 2548 441 2606 linea
477 2547 780 2607 incommunicans
817 2546 911 2605 linee
949 2548 982 2606 in
1019 2568 1081 2625 pc·

79 2618 195 2717 telltin,
223 2659 302 2699 cum
330 2638 545 2713 quadratum
571 2636 688 2712 ipsius
711 2635 822 2694 fuerit
847 2636 1081 2699 incommuni-

75 2722 150 2789 ⁰⁸us
171 2729 351 2806 quadrato
375 2725 460 2784 eiua.

154 2818 307 2889 Dicitur,
321 2815 415 2891 quod
428 2814 525 2872 linea
538 2818 660 2891 potest
673 2810 823 2893 (supra)
837 2818 1079 2893 superficiem,

68 2896 277 2966 ⁰¹1111fuerit
299 2904 516 2980 superficies
538 2904 653 2978 ipsius
677 2904 852 2979 quadrato
877 2907 1024 2981 equalis.
1093 2922 1121 2963 to

156 2993 379 3073 superficies
406 2992 620 3069 superficiei
643 2992 903 3051 communicare
927 2995 1078 3075 dicit-ur,

62 3071 228 3144 ⁰¹11nea's
252 3081 470 3157 superficies
494 3081 626 3141 similis
650 3086 820 3140 numerat.

59 3225 66 3237 .
156 3172 276 3232 Omnis
311 3170 406 3230 linee
438 3170 605 3245 potentia
637 3175 690 3229 est
723 3171 939 3246 quadrat-um
971 3196 1080 3252 super

55 3243 180 3321 Ἥκω
202 3262 371 3322 existens.

157 3349 274 3410 Omnis
302 3350 413 3423 linea,
441 3347 543 3406 cuius
567 3349 755 3424 quantitas
779 3352 899 3412 verbis
924 3357 1118 3431 exprimito

50 3418 199 3581 glizmut,
227 3439 365 3499 dicitur
386 3437 597 3515 rationalis,
622 3442 656 3498 et
679 3439 712 3497 ei
734 3443 1001 3503 communicans
1023 3453 1081 3507 est

131 3526 264 3587 ionalis.
