2340 3834
402 184 452 240 AD
470 184 656 239 EUCLIDEM
674 186 741 239 LIB.
757 185 788 239 X.
1027 183 1093 247 283

59 353 179 412 1naius
206 352 367 413 medietate
394 353 651 429 multiplicationis
679 355 720 412 ab
744 353 775 411 in
798 371 836 411 se.
883 352 1092 427 Multiplicatio

57 436 227 518 (autem)
247 443 289 501 ab
307 442 339 500 in
356 444 398 515 pb
415 442 461 501 bis
480 446 526 501 est
543 443 640 501 minor
657 441 817 500 medietate
835 441 1093 516 multiplicationis

61 532 131 590 ab
150 529 182 587 in
204 549 244 604 se,
268 530 411 607 quoniam
433 531 646 607 multiplicatio
670 532 711 590 ub
734 532 765 588 in
784 549 815 588 se
834 534 879 589 est
898 530 974 589 sicut
992 531 1094 588 multi·

61 617 209 695 plicatio
231 638 275 693 op
297 618 329 676 in
352 638 382 678 se
406 622 437 678 et
455 621 497 694 qb
520 620 552 678 in
575 638 606 678 se
630 621 660 678 et
682 639 724 693 cp
746 619 778 677 in
798 621 840 693 pb
862 619 916 694 bis,
941 623 971 677 et
993 619 1094 678 multi-

57 706 208 783 plicatio
231 710 274 767 ab
296 708 328 766 in
352 709 392 782 by
414 712 460 768 est
482 708 579 767 minor
601 708 846 783 multiplicationi
864 707 1033 766 medietatis
1052 710 1094 766 ab
1122 722 1134 762 t

626 797 658 854 in
686 815 716 855 se
746 797 855 872 ipsam,
887 800 918 855 et
948 796 1094 873 multipli-

42 860 150 966 Ζῖ-
383 877 401 967 ἵ
573 877 592 965 ‘ff
627 885 705 945 catio
737 885 905 945 medietatis
933 887 974 944 ob
1005 886 1037 943 in
1062 904 1093 944 se

627 977 672 1032 est
707 977 815 1050 quarta
856 974 995 1049 quadrati
1036 975 1092 1033 ub:

45 1081 154 1139 engo
187 1062 398 1138 multiplicatio
432 1081 474 1137 oo
505 1063 536 1120 in
566 1065 607 1137 pb
644 1062 689 1122 bis
721 1066 766 1122 est
801 1063 899 1120 minor
934 1063 1092 1121 medietate

47 1150 341 1226 multiplicationis
378 1153 419 1210 ab
454 1151 487 1209 in
523 1170 562 1210 se.
622 1152 814 1228 Relinquitur
845 1171 927 1230 ergo,
967 1155 1001 1209 ut
1032 1152 1091 1209 duo
1107 1167 1132 1204 10

49 1239 230 1312 quadrata
249 1258 291 1314 oq
314 1243 345 1299 et
364 1242 407 1314 ob
430 1240 587 1300 coniuncta
611 1241 671 1299 sint
692 1241 787 1299 maius
811 1241 968 1298 medietate
992 1238 1095 1297 multi-³

48 1326 252 1400 plicationis
280 1330 322 1389 ab
349 1328 381 1386 in
409 1347 439 1387 se
467 1329 575 1404 ipsam:
609 1349 678 1407 ergo
706 1329 831 1404 duplum
858 1328 1024 1403 superficiei
1051 1346 1093 1400 op

52 1414 126 1471 in
141 1418 178 1490 pb
205 1421 251 1476 est
277 1417 374 1476 minus
401 1418 560 1476 medietate
589 1418 728 1493 quadrati
756 1420 805 1477 ob.
852 1416 910 1475 Sed
937 1417 996 1474 duo
1019 1434 1093 1491 qua-

47 1501 169 1563 dna
191 1524 232 1580 ap
255 1508 286 1565 et
306 1507 348 1580 pb
374 1506 530 1564 coniuncta
553 1510 624 1565 sunt
646 1507 744 1564 maius
767 1506 925 1564 medietate
953 1505 1094 1580 quadrati

54 1607 104 1647 a
121 1592 144 1665 a
161 1589 273 1672 (ergo)
296 1595 355 1653 duo
374 1595 523 1670 quadrata
541 1615 583 1670 op
606 1599 636 1653 et
651 1597 693 1668 qb
721 1594 879 1654 coniuncta
903 1595 973 1652 sunt
995 1594 1091 1653 maius
1109 1606 1133 1646 15

53 1677 174 1756 duplo
196 1683 362 1759 superficiei
385 1703 427 1758 oy
449 1683 480 1741 in
501 1686 556 1759 pl),
584 1685 664 1759 quod
687 1684 763 1741 illud
787 1686 842 1758 est,
872 1683 952 1758 quod
975 1683 1092 1741 demon-

58 1769 179 1830 strare
199 1772 357 1831 voluimus.

171 1860 242 1919 Hec
265 1880 404 1937 quoque
427 1861 550 1938 figura
569 1861 680 1919 aliter
698 1861 892 1918 invenitur.
936 1859 1021 1928 Quod
1040 1863 1092 1935 est,

59 1945 132 2001 ut
150 1967 252 2023 ponam
279 1950 389 2009 lineam
416 1951 470 2024 ab,
498 1949 583 2008 cuius
611 1949 728 2026 longior
755 1949 845 2007 sectio
873 1949 913 2007 sit
935 1950 1015 2007 linea
1038 1968 1092 2022 oq:

62 2025 155 2092 dico
174 2037 277 2115 igitur,
305 2037 384 2113 quod
407 2037 467 2096 duo
491 2038 638 2113 quadratu
662 2057 703 2111 op
727 2040 757 2096 et
777 2040 819 2111 pb
842 2038 998 2096 coniuncta
1022 2040 1092 2095 sunt
1106 2050 1133 2089 20

58 2170 99 2225 b
674 2127 770 2184 maius
805 2126 895 2201 duplo
927 2125 1092 2200 superficiei

77 2189 630 2296 ixl—,qd-ss—‘ff
675 2234 717 2288 aa
754 2215 786 2272 in
823 2217 882 2289 pl),
930 2215 1009 2289 quod
1049 2213 1091 2271 sic

673 2303 823 2378 probatur.
851 2303 991 2361 Dividam
1009 2321 1091 2359 nam-

57 2390 148 2452 que
169 2409 202 2449 ex
227 2410 282 2467 oq,
311 2391 392 2467 quod
419 2392 459 2451 sit
487 2392 591 2467 equale
617 2394 672 2465 pb,
700 2392 799 2467 sitque
824 2393 880 2464 qd:
914 2410 983 2468 ergo
1011 2390 1090 2448 linea

65 2478 138 2544 “a
163 2478 220 2538 iam
256 2483 302 2539 est
337 2480 433 2540 divisa
468 2481 500 2538 in
537 2480 611 2539 duas
648 2480 791 2538 sectiones
827 2499 917 2555 supra
949 2481 983 2553 d,
1020 2497 1089 2556 ergo
1104 2489 1143 2547 25,

63 2561 291 2644 11lultiplicatio
324 2588 366 2644 op
396 2569 428 2627 in
460 2589 490 2628 se
523 2572 553 2626 et
584 2570 627 2642 dp
653 2569 685 2625 in
713 2587 743 2626 se
771 2572 815 2626 est
843 2568 920 2627 sicut
946 2567 1089 2642 multipli-

67 2651 163 2713 Qssfio
188 2677 228 2733 aq
254 2658 286 2716 in
311 2660 356 2732 qd
386 2658 431 2716 bis
464 2660 494 2715 et
521 2657 733 2732 multiplicatio
762 2658 805 2716 ool
827 2649 868 2714 'in
896 2676 934 2716 se.
989 2656 1090 2714 Multi-

70 2733 202 2804 Dlicatio
237 2765 309 2806 vero
345 2747 390 2821 dp
428 2746 461 2804 in
497 2765 528 2804 se
564 2749 610 2804 est
645 2745 759 2820 equalis
797 2740 1091 2821 <multiplicationi>

68 2831 113 2882 9
123 2825 183 2892 tin
212 2854 257 2910 se,
294 2834 436 2910 quoniam
471 2837 515 2893 est
549 2835 576 2891 ei
611 2834 738 2909 equalis:
775 2853 845 2910 ergo
879 2833 1091 2908 multiplicatio

81 2919 137 2986 “l
157 2922 186 2980 in
215 2943 247 2985 se
280 2926 310 2982 et
338 2925 380 2997 ob
416 2923 448 2981 in
480 2941 511 2982 se
548 2926 593 2981 est
629 2923 705 2981 sicut
736 2922 947 2998 multiplicatio
980 2941 1023 2996 ap
1058 2923 1091 2980 in
1105 2936 1132 2974 3⁰

80 3004 138 3062 Sl
161 3010 203 3073 bis
234 3014 266 3071 et
297 3011 508 3087 multiplicatio
541 3013 587 3070 od
623 3011 654 3068 in
691 3030 729 3069 se.
786 3010 844 3069 Sed
879 3011 1091 3086 multiplicatio

91 3098 186 3163 “lin
213 3102 261 3175 qd
296 3100 342 3159 bis
374 3103 420 3160 est
453 3100 531 3159 sicut
565 3100 778 3174 multiplicatio
812 3118 856 3172 uo
891 3098 923 3156 in
952 3102 996 3173 ob
1033 3100 1091 3158 bis:

90 3187 155 3257 013⁰
186 3189 398 3265 multiplicatio
436 3208 479 3263 ao
514 3189 547 3245 in
584 3208 614 3247 se
651 3191 680 3246 et
714 3190 758 3261 pb
795 3188 826 3244 in
863 3207 894 3246 se
931 3192 976 3246 est
1013 3188 1092 3245 sicut

97 3271 289 3353 Inuliiplicatio
319 3296 361 3352 op
387 3279 419 3337 in
441 3279 483 3351 pb
510 3277 555 3335 bis
579 3273 651 3355 <et>
678 3276 891 3352 multiplicatio
920 3278 964 3334 od
991 3276 1023 3333 in
1050 3295 1090 3335 se.

98 3343 164 3437 Ergo
195 3366 253 3426 duo
289 3366 437 3442 quadrata
469 3384 513 3439 ap
550 3369 580 3423 et
613 3367 657 3438 pb
694 3365 850 3423 coniuncta
887 3367 956 3423 sunt
991 3362 1090 3424 maius
1104 3375 1131 3417 sa

106 3437 174 3591 gllllo
193 3454 358 3531 superficiei
376 3473 418 3528 oo
440 3454 471 3511 in
486 3456 541 3529 plu
566 3455 597 3513 et
615 3454 691 3512 illud
709 3457 764 3531 est,
787 3453 873 3530 quod
892 3454 1103 3511 demensum

123 3548 230 3601 luamus.
