2316 3840
372 158 421 213 AD
440 157 625 214 EUOLIDEM
642 159 708 214 LIB.
723 158 776 212 vl:
1010 157 1071 222 181

48 329 216 406 proportio
237 327 433 387 antecedentis
452 329 491 386 ad
510 329 698 387 antecedens:
722 347 792 404 ergo
810 328 963 403 proportio
981 328 1073 385 trian-

52 419 124 496 guli
149 419 230 477 aboi
258 416 297 475 ad
317 417 500 495 triangulum
524 419 596 491 bmp
624 417 681 474 erit
704 416 779 476 siout
801 416 954 492 proportio
977 416 1073 475 tocius

48 505 206 584 trianguli
225 506 287 564 obe
309 506 348 565 ad
369 509 466 565 totum
488 507 672 583 triangulum
688 507 757 579 pbe.
794 507 835 564 Et
853 505 990 564 similiter
1007 525 1073 581 pro-

48 595 157 672 portio
187 595 332 672 trianguli
353 596 417 655 olm
444 597 483 653 ad
509 595 694 673 triangulum
720 596 781 652 orti
813 595 869 652 erit
902 595 980 653 sieut
1005 614 1072 671 pro-

49 685 157 761 portio
189 685 284 743 toeius
316 678 501 762 <tri>anguli
526 685 581 743 siri
613 687 645 742 at
675 687 774 742 toturn
806 683 990 760 triangulum
1016 685 1073 741 hii.
1101 694 1113 734 ⁵

52 773 115 832 Sed
136 772 291 848 proportio
309 772 454 850 trianguli
472 774 549 832 obiri
572 772 610 830 ad
633 773 818 849 triangulum
838 774 912 845 bary
935 775 980 830 est
999 772 1075 830 sieut

49 862 214 939 proportio
232 861 376 938 trianguli
392 863 457 922 ahoi
480 862 518 920 ad
536 862 720 938 triangulum
737 862 808 919 ehi:
833 880 902 937 ergo
921 861 1074 936 proportio

51 951 155 1011 tocius
184 951 329 1028 trianguli
352 952 414 1009 abe
441 950 478 1008 ad
505 953 602 1008 totum
628 950 812 1027 triangulum
835 951 894 1022 bpe
926 953 970 1008 est
998 951 1075 1008 sient

51 1040 215 1117 proportio
244 1040 340 1099 tocius
367 1039 512 1116 trianguli
533 1041 588 1098 alil
616 1039 654 1096 ad
680 1042 778 1097 totum
805 1037 991 1114 triangulum
1017 1041 1074 1099 litt.

53 1129 136 1187 Cum
164 1148 235 1205 ergo
261 1129 541 1203 permutaverimus,
574 1127 630 1186 erit
661 1127 815 1203 proportio
842 1127 986 1203 trianguli
1013 1130 1073 1186 abe
1088 1139 1114 1178 1⁰

53 1218 94 1276 ad
125 1217 312 1294 triangulum
334 1217 389 1276 aiil
417 1216 493 1275 siout
519 1216 673 1291 proportio
703 1217 847 1293 trianguli
871 1217 929 1289 ipe
956 1216 994 1273 ad
1021 1217 1073 1274 tri-

52 1307 207 1383 angulum
227 1307 285 1364 liti.
331 1306 372 1363 Et
395 1306 532 1363 similiter
555 1306 717 1381 ostendam,
746 1306 823 1380 quod
845 1304 998 1381 proportio
1022 1306 1074 1362 tri·

54 1395 167 1471 anguli
195 1396 254 1468 bpe
285 1395 324 1452 ad
355 1394 541 1472 triangulum
567 1396 616 1452 liti
654 1398 698 1452 est
730 1395 806 1452 siout
836 1394 989 1469 proportio
1022 1394 1074 1450 tri-

54 1483 166 1561 anguli
183 1485 246 1557 pde
264 1485 302 1541 ad
316 1484 500 1560 triangulum
514 1484 574 1556 tau
595 1485 625 1540 et
642 1484 686 1540 ita
706 1484 796 1541 etiam
816 1482 977 1557 ostendam,
997 1483 1075 1557 quod

55 1571 217 1648 proportio
240 1572 384 1649 trianguli
408 1574 467 1646 ope
490 1572 529 1629 ad
550 1571 734 1648 triangulum
756 1574 805 1630 ati
833 1576 878 1630 est
905 1573 981 1629 siout
1007 1582 1114 1646 pro-15

55 1660 161 1738 portio
192 1659 334 1738 trianguli
358 1662 419 1719 abe
447 1661 484 1718 ad
511 1661 695 1737 triangulum
721 1662 787 1719 rol:
820 1681 890 1738 ergo
922 1661 1074 1736 proportio

56 1749 207 1826 trianguli
217 1752 278 1809 obe
289 1748 326 1807 ad
339 1749 523 1825 triangulum
532 1751 598 1808 olii:
614 1753 658 1808 est
672 1749 748 1807 sieut
760 1751 914 1825 proportio
931 1749 1076 1826 trianguli

59 1841 123 1912 bey
143 1837 181 1896 ad
203 1839 386 1915 triangulum
404 1839 466 1912 orl,
485 1841 515 1896 et
533 1839 609 1897 siout
626 1839 778 1913 proportio
796 1839 940 1915 trianguli
956 1841 1020 1913 ped
1039 1840 1076 1896 ad

58 1927 248 2003 triangulum
271 1929 326 1986 tici.
382 1925 440 1984 seu
471 1927 623 2002 proportio
656 1927 742 1985 unius
770 1928 1007 1987 antecedentium
1038 1928 1076 1986 ad

61 2033 231 2090 comparem
267 2034 353 2074 suum
390 2036 424 2073 ex
461 2016 706 2091 consequentibus
739 2020 783 2074 est
815 2017 891 2075 siout
921 2017 1074 2092 proportio
1089 2028 1115 2066 2⁰

66 2105 197 2162 omnium
220 2104 457 2163 antecedentium
480 2105 519 2163 ad
542 2106 641 2164 omnia
664 2105 886 2180 consequentia:
915 2124 984 2182 ergo
1008 2125 1074 2180 pro-

66 2193 164 2266 portio
194 2193 340 2270 trianguli
367 2195 428 2252 abe
460 2195 498 2251 ad
528 2194 712 2271 triangulum
738 2195 792 2253 ool
824 2195 869 2250 est
901 2193 977 2251 siout
1007 2213 1075 2268 pro-

69 2279 164 2352 portio
181 2282 274 2341 tocius
294 2281 458 2357 superficiei
477 2283 585 2356 obpie
604 2283 641 2339 ad
659 2285 755 2340 totam
775 2281 958 2357 superficiem
975 2282 1075 2341 sitici.

10 2394 12 2403 ·
73 2365 128 2426 Sed
147 2372 297 2446 proportio
320 2371 464 2448 trianguli
487 2373 549 2430 obe
576 2372 614 2428 ad
640 2371 824 2448 triangulum
846 2371 900 2430 iii
928 2373 972 2428 est
1000 2369 1076 2428 sicut

76 2459 215 2532 proportio
237 2459 341 2518 lateris
360 2462 400 2518 ab
424 2460 462 2517 ad
485 2460 564 2518 latus
582 2461 621 2518 oh
644 2460 807 2535 duplicata:
832 2477 901 2536 ergo
922 2460 1075 2535 proportio
1089 2471 1115 2512 25

81 2546 227 2618 superficiei
250 2550 360 2622 aeque
382 2547 421 2606 ad
443 2548 627 2624 superficiem
644 2550 738 2608 attici
761 2552 806 2607 est
829 2549 905 2608 sieut
923 2549 1075 2625 proportio

84 2627 168 2694 toris
190 2639 230 2696 ab
259 2636 298 2695 ad
324 2638 403 2696 latus
425 2638 464 2697 oh
488 2637 651 2712 duplicata3
682 2640 711 2696 et
733 2638 809 2695 illud
832 2641 890 2712 est,
922 2639 1000 2713 quod
1027 2639 1075 2696 de·

88 2727 228 2784 monstrare
252 2725 408 2785 voluimus.

10 2800 12 2813 ¹
155 2813 191 2872 ln
208 2814 380 2874 vicesima
394 2807 587 2892 <figura>¹)
608 2833 667 2873 non
687 2815 723 2872 ob
747 2815 828 2872 aliud
846 2815 881 2873 fit
898 2816 1074 2895 triangulus,

10 2981 31 3082 ’Ξ
142 3003 366 3073 incompertam]
387 3004 536 3070 eorpatem.
556 3034 588 3041 —
609 3008 650 3056 29.
671 3001 804 3055 vicesima
822 3003 944 3057 iteratur.

10 3137 30 3165 h*
90 3093 275 3122 N...-

87 3178 1075 3350 p·itt?tittittet§tlttttttttlt{tottii-*tt

98 3315 168 3374 'mie
184 3322 337 3391 superficies
354 3322 536 3391 designentur,
555 3324 612 3390 ipse
630 3338 733 3390 quoque
750 3323 904 3390 superficies
918 3329 997 3376 eram
1008 3338 1072 3390 pro-

83 3383 235 3458 Mauo.
265 3391 298 3447 Si
315 3409 376 3446 erro
394 3409 476 3461 sopor
494 3394 573 3447 binos
591 3400 615 3448 et
634 3394 713 3447 binas
731 3393 831 3446 similes
844 3393 998 3460 superficies
1011 3408 1072 3445 roo-

11 3470 13 3475 ’
81 3447 161 3576 gatto
143 3465 290 3590 tieem
290 3464 521 3534 proportionales,
540 3465 616 3532 ipsos
634 3480 737 3532 qaoque
756 3464 842 3518 lineos
857 3463 1074 3533 proportionales
