2340 3834
377 107 428 161 AD
446 107 631 163 EUCLIDEM
649 108 715 163 LIB.
730 108 763 163 X.
1009 107 1074 172 293

39 267 233 356 deeima¹)
257 277 353 351 partis
377 276 502 352 deoime,
531 279 561 334 et
582 275 636 335 fiat
658 276 811 352 proportio
835 277 930 336 tocius
951 276 1076 335 duorum

40 384 256 423 numerorum
278 365 317 423 ad
340 365 433 424 alium
456 365 618 424 seeundum
640 366 863 442 proportionem
881 366 1020 442 quadrati
1038 364 1076 423 ad

42 453 253 526 quadratum.
300 453 507 532 Multiplioabo
534 454 637 529 itaque
663 455 773 533 viginti
800 455 930 530 quinque
952 455 984 512 in
1006 458 1077 529 treS,

43 545 77 598 et
120 545 211 601 erunt
237 543 431 620 septuaginta
459 543 603 618 quinque,
631 563 718 618 quem
747 544 879 603 dividam
904 563 957 618 per
979 546 1077 601 totum

44 646 179 706 eorum,
203 631 283 706 quod
306 634 351 690 est
373 631 513 706 quinque,
537 635 567 690 et
588 632 743 707 proveniet
766 652 801 689 ex
824 632 968 690 divisione
991 631 1076 707 quin·
1104 641 1116 683 5

47 715 168 777 decim.
219 719 428 795 Multiplioabo
460 720 553 778 etiam
583 720 692 798 viginti
724 720 855 796 quinque
882 721 913 778 in
941 721 1013 794 duo,
1046 723 1076 777 et

46 803 139 866 fient
166 807 399 886 quinquaginta,
427 828 462 866 ex
489 828 549 884 quo
572 828 626 884 per
645 808 780 884 quinque
804 808 898 868 diviso
921 809 1077 884 proveniet

48 891 174 955 decem.
224 897 280 956 nst
314 897 392 956 enim
419 896 573 973 possibile,
604 900 639 956 ut
665 898 696 955 in
723 892 821 976 <hoo>
849 897 980 972 capitulo
1009 916 1077 954 oum

47 978 95 1041 his
140 985 253 1044 duobus
281 986 411 1045 numeris
437 986 567 1062 impares
595 989 785 1045 assumantur
806 986 936 1061 numeri,
965 989 995 1044 et
1017 1004 1077 1043 non

49 1074 94 1128 est
133 1074 283 1150 possibile,
306 1078 340 1133 ut
362 1093 449 1151 pares
467 1075 528 1134 sint
545 1075 577 1132 in
597 1094 640 1134 eo.
681 1075 827 1133 Similiter
845 1075 936 1133 etiam
954 1075 1078 1132 afferam
1091 1087 1117 1126 ro

48 1154 211 1239 binomia,
243 1163 351 1240 quibus
384 1182 534 1223 assumam
565 1167 626 1223 tres
659 1182 811 1238 numeroS,
841 1163 874 1222 in
902 1162 1010 1239 quibus
1037 1162 1078 1221 sit

47 1244 143 1310 illud
164 1252 314 1328 possibile.
355 1253 420 1313 Hoo
444 1255 552 1324 autem,
576 1253 657 1328 quod
679 1252 803 1329 predixi,
826 1255 924 1312 estex
943 1253 994 1326 eiS,
1018 1270 1077 1326 que

48 1344 185 1409 oportet
211 1342 359 1418 promitti,
386 1362 422 1400 ne
450 1341 605 1417 incipienti
631 1341 827 1417 inquisicione
851 1340 1023 1400 inveniatur
1044 1339 1077 1398 in

46 1431 197 1490 numeris
221 1431 337 1507 aliquid
358 1430 549 1507 impossibile.
590 1430 771 1488 Dimittatur
788 1430 840 1488 ille
859 1433 890 1488 et
907 1431 1078 1488 assumatur

46 1511 144 1576 alius
180 1539 216 1577 ex
251 1520 306 1595 eis,
343 1520 440 1593 onius,
476 1538 543 1578 oum
578 1519 641 1594 ipse
673 1520 892 1594 multiplicatus
922 1518 1013 1576 fuerit
1044 1517 1076 1575 in
1091 1528 1116 1569 15

46 1618 236 1682 numerum,
263 1626 378 1668 summa
404 1628 458 1684 per
480 1609 608 1668 alterum
630 1628 786 1666 numerum
809 1607 974 1682 dividatur,
997 1606 1077 1682 quod

48 1688 68 1746 si
96 1695 176 1755 tres
198 1697 316 1754 numeri
338 1697 411 1755 adeo
436 1696 679 1773 diversificantur,
702 1699 737 1755 ut
759 1696 853 1756 dividi
875 1696 1077 1771 nonpossint,

48 1776 115 1838 erit
146 1785 222 1843 illud
244 1780 476 1864 <im>possibile

155 1874 231 1933 Dioo
263 1874 368 1948 etiam,
400 1874 491 1949 quod,
523 1893 592 1932 oum
624 1874 680 1932 due
712 1873 882 1948 superficies
914 1873 952 1932 ad
981 1871 1076 1950 longi·

49 1953 203 2020 iudinem
225 1962 303 2021 lineo
325 1962 481 2021 rationalis
504 1962 573 2021 date
596 1963 805 2040 adiungantur,
828 1981 885 2038 que
907 1961 1006 2037 posita
1029 1961 1077 2035 sit,
1091 1973 1117 2013 2⁰

53 2054 216 2115 quantum
237 2051 427 2126 voluerimus,
452 2051 566 2110 seilicet
587 2071 689 2127 unum,
711 2053 759 2110 vel
783 2051 840 2109 duo
865 2053 919 2109 aut
940 2051 1001 2109 tres
1024 2053 1079 2107 aut

54 2141 206 2216 iuamor,
230 2142 283 2198 aut
305 2143 451 2216 quantum
469 2139 609 2216 possibile
628 2144 673 2199 est
691 2161 727 2198 ex
744 2140 883 2214 numeris,
906 2158 965 2197 non
983 2156 1077 2196 remo-

56 2217 181 2288 vehunt
202 2229 319 2287 numeri
341 2229 526 2305 superficiem
550 2247 568 2287 a
590 2249 645 2289 suo
663 2230 760 2304 primo
780 2230 849 2303 situ,
872 2227 904 2284 id
923 2230 967 2286 est
985 2245 1078 2301 quan·

56 2305 156 2376 fiiate
179 2336 248 2392 sua,
271 2337 366 2393 neque
389 2312 451 2395 (a)
472 2318 723 2394 proportionibus,
746 2338 803 2393 que
826 2320 896 2376 sunt
919 2315 1078 2374 seeundum

59 2412 148 2481 eam,
175 2408 206 2465 et
233 2405 271 2465 ab
299 2406 375 2466 eliis.
420 2407 512 2464 Verbi
540 2407 639 2483 gratia
662 2407 702 2465 sit
724 2407 804 2465 linea
825 2404 982 2464 rationalis
1005 2404 1077 2461 data
1092 2415 1117 2455 25

60 2484 118 2562 ab,
153 2514 211 2570 que
234 2495 274 2556 sit
296 2515 403 2571 unum,
428 2495 466 2553 ed
489 2514 579 2570 quam
602 2495 658 2552 due
682 2495 887 2571 adiungantur
909 2491 1077 2568 superficies

62 2573 102 2630 aa
136 2584 237 2659 etde,
260 2603 386 2659 quarum
409 2584 593 2659 quantitates
617 2585 677 2642 sint
699 2585 784 2642 radix
807 2585 927 2642 eentum
951 2585 980 2640 et
998 2583 1078 2640 ooto-

63 2659 154 2759 ginta
181 2675 212 2730 et
237 2672 323 2732 radix
348 2672 475 2750 triginta
501 2692 560 2731 sex.
606 2671 681 2730 Cum
709 2692 778 2749 ergo
806 2671 1000 2729 minuerimus
1026 2670 1078 2728 tri·

65 2759 153 2822 tlssta
180 2780 232 2821 sex
259 2780 295 2819 ex
321 2764 440 2820 eentum
467 2762 633 2838 octoginta,
665 2761 744 2836 quod
770 2759 948 2833 remanebit,
979 2754 1079 2837 <erit>

66 2848 189 2910 ct’ntum
206 2850 408 2927 quadraginta
426 2853 564 2924 quatuor,
583 2848 662 2925 quod
681 2853 726 2907 est
739 2848 906 2924 superficies
920 2847 1077 2923 quadrata.
1092 2859 1118 2898 ³⁰

67 2921 103 2982 Et
140 2939 209 3014 erit,
238 2940 319 3014 quod
345 2939 504 3012 minuitur,
531 2939 637 3014 quinta
665 2941 784 2997 eentum
810 2937 976 3013 octoginta,
999 2936 1079 3011 quod

70 3017 110 3074 iti
147 3028 316 3103 superficies
345 3029 398 3102 de,
429 3045 486 3102 que
515 3029 559 3085 est
586 3030 694 3102 quarta
722 3027 798 3099 eiuS,
830 3025 942 3084 scilieet
970 3028 1079 3100 quarta

72 3114 189 3174 tentum
212 3116 412 3194 qnadraginta
435 3118 573 3190 quatuor,
597 3120 626 3174 et
649 3115 754 3191 quinta
776 3117 895 3173 centum
918 3114 1078 3190 octoginta.
1140 3042 1150 3183 i

71 3198 280 3228 X.—

143 3274 183 3322 14.
202 3266 311 3336 aliquid
328 3266 515 3338 impossibile]
534 3265 603 3334 quid
621 3266 751 3320 nudatur.
773 3297 805 3306 -
824 3271 867 3321 31.
886 3264 1017 3333 quinties.

73 3347 281 3378 X—

97 3424 109 3475 .”
144 3411 168 3481 1)
193 3410 330 3464 EUOHDES
353 3410 391 3476 X,
411 3415 443 3463 17
473 3408 625 3478 (Gauranos
649 3407 688 3478 X,
705 3413 756 3476 it,
778 3405 1097 3467 Romanamsbssabq

72 3454 174 3535 Valeas
186 3499 214 3550 p.
230 3487 282 3534 222
298 3483 355 3536 not.
373 3487 396 3536 1.
