2340 3834
88 66 153 130 218
375 65 541 120 ANARI'PII
559 63 815 153 COMMENTAitrr

177 235 222 292 Er
245 235 301 293 hac
323 234 420 311 figura
444 234 606 309 ostendum,
631 235 710 310 quod
733 234 1007 311 quadratorum,
1029 253 1161 308 qtae

88 324 184 382 fiunt
219 343 259 381 ex
290 324 398 382 lineis
430 323 831 398 incommunicantibus,
868 323 912 382 ad
943 322 1056 381 invice
1088 346 1151 388 111

88 413 277 488 proportio
310 432 378 470 101
410 417 464 472 est
497 414 590 472 siout
620 413 810 488 proportio
842 412 982 470 numeri
1011 431 1052 487 qu
1073 433 1146 474 ε·

88 500 185 559 drati
209 501 455 560 adnumerum
478 502 701 578 quadratum.

62 603 74 642 5
175 589 286 648 Latera
318 594 387 649 suut
413 591 445 649 in
472 591 659 668 longitudine
686 590 978 650 incommunicantes.
1028 588 1134 651 Sint

88 697 157 755 ergo
187 678 264 737 lineo
288 698 307 738 a
335 682 365 738 et
392 682 409 739 d
435 680 718 739 incommumcantes
744 679 777 737 in
804 678 1004 756 longitudine,
1034 697 1129 738 mon

87 767 144 825 erit
171 786 241 844 ergo
270 769 424 844 quantitas
451 769 613 828 communis
639 769 681 827 eis
709 786 882 827 mensurans
906 785 970 842 eas,
998 785 1123 842 neque

87 856 144 914 erit
158 856 259 932 aliqua
270 877 304 914 ex
318 858 545 933 quantitatibus
560 858 643 916 cuius

86 946 240 1021 proportio
268 947 306 1004 ad
334 965 383 1005 eas
411 947 451 1005 sit
476 946 642 1004 rationalis.
678 1009 682 1045 Ι
781 939 796 993 b
895 1007 899 1044 ¹
953 1007 957 1044 Ι
1013 953 1031 989 a
1113 1005 1116 1041 Ι

46 1049 72 1088 10
85 1034 243 1109 Proportio
259 1054 329 1093 vero
344 1053 532 1092 numerorum
546 1035 585 1092 ad
597 1035 641 1092 in-
752 1071 754 1076 ·

85 1123 179 1181 vicem
198 1126 244 1182 est
261 1124 415 1199 proportio
429 1124 597 1181 rationalis:
616 1122 798 1199 impossibile
817 1125 863 1181 est
880 1122 983 1198 igitur,
1002 1124 1035 1179 ut
1065 1120 1115 1179 sit

85 1213 239 1287 proportio
255 1232 274 1271 11
293 1213 331 1270 ad
345 1215 361 1271 b
378 1212 455 1270 sicut
467 1212 619 1287 proportio
634 1211 749 1270 numeri
763 1211 981 1286 adnumerum,
1000 1228 1112 1287 quon·

84 1300 145 1358 iam
159 1320 219 1358 non
233 1301 393 1376 accipimus
408 1301 466 1359 nisi
480 1320 628 1375 numeros,
648 1301 680 1358 iu
695 1300 801 1376 quibus
816 1303 861 1359 est
875 1319 911 1358 11
925 1299 1112 1358 unitatibus

85 1390 244 1447 secundum
255 1408 424 1447 mensuram
434 1390 614 1465 quantitatis
624 1389 786 1449 communis
796 1388 955 1464 unicuique
965 1389 1114 1447 duarum

45 1489 70 1530 15
85 1478 297 1552 quantitatum,
321 1477 570 1552 quemadmodum
588 1481 739 1537 ostensum
757 1478 852 1536 estin
870 1477 968 1554 figura
987 1477 1113 1553 quinta

83 1565 171 1624 huius
194 1567 297 1640 partis
345 1566 418 1625 Cum
446 1586 516 1644 ergo
545 1587 605 1626 101
632 1567 725 1625 fuerit
752 1567 906 1642 quantitas
930 1561 1114 1624 communis

85 1653 157 1728 ciue,
181 1673 240 1711 101
263 1656 452 1714 invenientur
476 1657 533 1714 duo
552 1656 667 1713 numeri
686 1656 846 1714 secundum
869 1655 1118 1731 proportionem

84 1760 194 1815 earum,
217 1763 311 1818 neque
336 1745 392 1803 erit
415 1745 567 1820 proportio
586 1744 673 1803 unius
692 1730 1121 1802 1111111111111111111111011)ι

82 1831 235 1907 proportio
259 1834 374 1891 numeri
397 1834 435 1891 ad
457 1853 619 1891 numerum.
655 1833 820 1908 Postquam
841 1833 936 1910 igitur
958 1816 1128 1907 10111ἱ“1ι

43 1933 70 1973 10
82 1921 235 1995 proportio
258 1922 346 1980 unius
369 1942 472 1981 earum
494 1922 533 1979 ad
555 1923 681 1981 alteram
704 1922 781 1980 sicut
803 1921 958 1996 proportio
977 1917 1133 1979 nume(l

83 2009 121 2067 ad
143 2029 307 2086 numcmm‚
330 2031 390 2071 101
408 2012 466 2070 erit
483 2011 637 2086 proportio
661 2010 875 2086 quadratorum
898 2011 937 2067 ad
954 2009 1138 2082 invictum,

83 2117 139 2173 que
162 2099 240 2158 fiunt
261 2120 298 2159 ex
319 2101 380 2160 illis
403 2101 503 2174 lineis,
531 2100 607 2158 sicut
634 2099 787 2175 proportio
811 2100 928 2157 numeri
952 2091 1144 2174 quadrat?l

82 2187 121 2245 ad
148 2209 304 2247 numerum
334 2190 527 2265 quadratum,
560 2189 701 2263 quoniam
723 2188 840 2246 numeri
868 2187 1008 2263 quadrati
1028 2179 1150 2244 uoss

82 2281 151 2336 sunt
168 2277 228 2352 illi,
260 2298 385 2352 quorum
411 2279 508 2337 latera
536 2280 605 2335 sunt
627 2278 762 2352 inventa,
794 2279 905 2352 etque
929 2280 999 2335 sunt
1020 2293 1069 2350 pos
1087 2250 1149 2304 'i

42 2375 67 2416 25
80 2365 282 2424 inventionem
305 2385 390 2424 suam
414 2366 574 2425 secundum
596 2367 818 2441 proportionem
840 2365 995 2422 linearum.
1031 2363 1065 2421 Se

81 2455 210 2528 positum
242 2456 301 2527 est,
333 2454 413 2528 quod
439 2456 516 2512 lineo
544 2455 675 2530 predicte
703 2456 772 2512 sunt
796 2446 1151 2513 incommunicanteffv

81 2541 193 2598 scilicet
224 2531 506 2602 incommunioantes
538 2544 570 2601 in
597 2542 795 2620 longitudine:
827 2562 887 2601 non
920 2546 965 2601 est
997 2533 1152 2619 igituss‘

13 2653 15 2660 ·
80 2648 220 2687 numerus
249 2631 411 2705 quadratus
440 2633 601 2690 secundum
624 2632 847 2707 proportionem
875 2625 1148 2706 quadratoffl

79 2718 225 2776 tinearum
248 2720 570 2778 incommumcantium.

40 2819 66 2860 10
168 2807 282 2865 Huius
306 2811 423 2866 autem
441 2810 665 2868 inventionis
690 2811 877 2868 conversio
902 2812 955 2867 cst
978 2809 1047 2867 hec.

169 2894 251 2954 Gum
269 2915 338 2955 non
357 2897 470 2955 fuerit
489 2897 751 2972 quadratorum
769 2898 812 2956 ad
830 2899 983 2957 invicem
1006 2916 1065 2973 pro
1100 2908 1133 2923 ‘

79 2984 211 3059 portio,
244 3005 309 3060 que
336 2987 433 3044 fiunt
460 3005 500 3044 ex
527 2986 648 3061 lineis,
681 2988 776 3045 sicut
803 2989 994 3063 proportio
1025 3005 1076 3044 nu.
1099 2999 1125 3014 ”

78 3074 164 3130 meri
202 3075 374 3149 quadrati
411 3075 454 3133 ad
491 3095 671 3134 numerum
704 3076 932 3151 quadratum,
969 3077 1116 3134 laterss

149 3231 173 3280 7.
197 3215 265 3281 eius.
294 3259 328 3268 -
357 3232 469 3282 12-13.
498 3226 632 3295 quoniam
656 3244 722 3281 vero
744 3244 809 3282 non.
839 3261 872 3269 -
904 3235 944 3282 14.
969 3229 1097 3282 duarum

72 3369 195 3424 iteratur.
218 3401 253 3410 -
272 3375 313 3425 18.
335 3370 443 3445 earum]
458 3369 526 3426 eius.
538 3401 571 3410 -
586 3371 622 3424 ad
638 3370 768 3442 alteram]
789 3321 826 3424 ad
839 3331 970 3426 dintierrdin.
990 3403 1022 3411 -
1040 3372 1084 3422 32

55 3436 149 3511 fiunt]
161 3440 274 3498 fuerint
