2340 3834
381 182 430 236 AD
449 180 634 236 EUOLIDEM
652 180 718 234 LIB.
733 179 765 234 X.
1004 179 1068 245 385

148 352 199 410 Ero
222 353 306 411 liaris
327 353 427 411 surdis
448 353 510 411 ium
531 354 600 410 suut
615 351 728 424 plures,
751 366 877 422 quaram
899 349 982 407 ralla
1004 365 1071 407 ooo·

61 443 168 500 tiaetur
189 441 234 500 orl
255 442 290 514 fit
310 442 344 499 io
365 442 486 499 terrum
508 441 601 508 illias,
625 456 679 512 que
702 441 743 497 est
765 441 832 497 ante
852 439 956 511 tusam,
979 453 1071 511 oeque

58 533 91 589 io
115 531 217 589 ordine
239 521 372 610 inanest)

147 617 239 675 Verbi
271 618 369 696 gratia
400 619 440 676 sit
471 615 639 692 superficies
672 617 711 689 by
739 617 878 674 contenta
905 614 942 672 ab
970 616 1011 673 ab
1039 618 1069 673 et

59 725 114 782 ay,
146 709 176 764 et
207 709 248 766 ab
278 708 318 765 sit
344 705 480 764 medialis
512 707 543 764 et
569 724 611 778 ay
637 704 807 778 rationalis,
839 705 869 761 et
896 703 936 761 sit
962 705 1067 779 potens
1094 714 1107 756 o

60 813 150 870 supra
173 797 213 869 by
234 795 314 854 linea
338 796 392 854 bu:
420 794 485 853 diuo
508 795 614 871 igitur,
640 791 720 868 quod
743 793 785 851 bd
807 811 866 850 non
889 793 935 851 ost
956 792 988 848 in
1010 794 1069 849 ter-

672 882 753 939 mino
777 881 827 956 ab,
851 899 946 955 neque
968 880 1000 937 in
1024 897 1068 937 or·

58 948 640 1025 L-L--A
671 969 740 1027 dine
759 970 830 1043 eius,
853 968 933 1044 quod
947 969 987 1027 sio
1002 986 1069 1044 pro·

670 1058 768 1116 batur.
792 1055 956 1126 Quiaenim
968 1075 1069 1132 super-

670 1146 750 1205 ficies
800 1146 914 1220 equalis
964 1147 1111 1220 quartem

671 1230 856 1312 (quadrati)
904 1234 981 1292 linea
1027 1234 1069 1292 ab

671 1323 807 1382 modialis
837 1322 875 1380 ad
906 1321 1069 1400 longitudi-

62 1449 631 1459 -—---—--————
673 1431 741 1471 nem
780 1411 858 1469 lineo
895 1429 939 1485 oy
978 1410 1069 1470 ratio·

61 1477 75 1514 e
624 1474 642 1528 9
674 1501 751 1558 nalis
794 1499 990 1577 adiungatur,
1035 1497 1070 1557 fit

60 1592 140 1651 latus
164 1592 226 1650 eius
250 1591 410 1651 seeundum
431 1591 577 1649 rationale
600 1591 632 1647 in
654 1589 801 1665 potentia3
827 1590 857 1647 et
879 1606 946 1646 oum
968 1605 1068 1663 super·
1085 1598 1110 1640 ru

60 1679 139 1739 ficies
163 1680 279 1756 equalis
301 1679 447 1756 quadrato
471 1681 512 1738 od
534 1679 707 1756 adiungitur
727 1677 764 1736 ad
782 1695 832 1751 ay,
854 1675 889 1736 fit
906 1677 988 1735 latus
1007 1676 1069 1736 eius

61 1769 221 1828 secundnm
244 1771 299 1843 ab,
322 1768 475 1844 quoniam,
499 1786 567 1826 oum
589 1768 632 1826 bd
654 1766 869 1842 multiplicetur
890 1766 923 1822 in
946 1783 990 1839 se,
1014 1765 1071 1823 erit

61 1860 113 1932 by,
142 1860 172 1915 et
198 1860 240 1917 ab
268 1861 313 1916 est
339 1855 488 1930 medialis,
516 1859 546 1914 et
572 1854 708 1914 medialis
735 1873 795 1913 non
822 1855 920 1914 estin
942 1853 1069 1913 termino

59 1945 217 2005 rationalis
239 1947 272 2003 in
294 1946 443 2022 potentia,
465 1964 561 2020 neque
583 1945 615 2001 in
638 1944 740 2002 ordine
764 1943 836 2002 eius.
881 1942 922 2000 nt
944 1943 970 2002 si
993 1944 1070 2002 esset

61 2034 93 2091 in
115 2035 243 2092 termino
267 2035 329 2092 eius
352 2034 436 2092 etin
459 2032 574 2106 ordine,
601 2031 783 2105 conveniret,
809 2033 856 2104 ut,
879 2048 946 2089 oum
969 2047 1068 2105 super·
1084 2041 1111 2082 ao

61 2121 143 2178 ficies
169 2122 283 2196 equalis
305 2121 450 2196 quadrato
472 2121 535 2180 eins
559 2120 769 2198 adiungeretur
791 2118 830 2177 ad
851 2117 1070 2196 longitudinem

64 2227 106 2282 aq
128 2208 315 2282 rationalem,
335 2207 419 2267 fieret
439 2209 519 2269 latua
542 2210 605 2268 eiua
627 2207 786 2268 secundum
809 2207 900 2267 etiam
922 2206 1070 2266 rationale

61 2298 95 2354 in
122 2296 266 2372 potentia.
311 2294 369 2354 sed
394 2296 449 2357 hoo
474 2317 534 2357 non
562 2301 607 2357 err
632 2298 689 2357 ita:
717 2315 786 2373 ergo
814 2297 856 2355 bd
883 2313 943 2354 non
971 2297 1017 2354 est
1038 2295 1070 2352 in

61 2386 190 2442 termino
226 2385 281 2460 ab,
317 2403 412 2460 neque
441 2386 474 2444 in
505 2385 607 2446 ordine
638 2387 709 2444 eiua
764 2382 811 2442 Sit
843 2385 934 2443 etiam
963 2386 1070 2460 potens

63 2492 154 2550 supra
181 2472 366 2549 superficiem
388 2473 426 2534 be
446 2474 527 2534 linea
548 2476 600 2535 de:
627 2473 692 2533 dieo
714 2473 820 2550 igitur,
847 2471 926 2548 quod
949 2474 989 2532 de
1009 2483 1110 2530 nonae

64 2565 109 2621 est
135 2562 168 2619 in
194 2563 321 2621 termino
348 2562 391 2621 bd
416 2580 511 2638 noque
537 2563 570 2620 in
596 2562 661 2621 eius
688 2560 803 2636 ordine,
830 2558 910 2636 quod
936 2561 979 2620 aio
1002 2580 1071 2636 pro·

63 2650 161 2709 batur.
212 2648 286 2709 (lum
317 2649 397 2709 enim
426 2649 593 2726 superficies
625 2648 740 2726 equalis
772 2648 917 2724 quadrato
949 2649 991 2708 bd
1020 2648 1071 2707 ad·

61 2740 200 2817 iungitur
230 2739 269 2796 ad
294 2737 510 2815 longitudinem
535 2738 613 2797 lineo
639 2737 809 2813 rationalis,
839 2736 874 2794 fit
898 2736 978 2797 latus
1005 2737 1071 2797 eius

139 2929 252 2978 rr-re,
271 2921 326 2976 erit
343 2921 396 2992 oq]
414 2920 469 2975 erit
484 2923 528 2978 aa

139 3121 165 3189 1)
179 3117 309 3198 Eucnmrs
323 3111 443 3167 Cmm
454 3112 555 3197 xum
573 3115 750 3186 (Hmuamu
789 3115 932 3199 ‚erasm
949 3115 970 3171 l
985 3120 1019 3170 18
1027 3133 1070 3186 tq.

66 3189 221 3259 Πόρισμα)ε
252 3185 356 3250 me,
377 3199 428 3253 Μ
448 3185 587 3241 mtdmmt
606 3187 722 3254 dicatur,
804 3202 836 3243 ve
856 3187 1072 3256 mmm,

65 3256 1072 3332 wpoueammmequaoeaemoomowoaomiammuour·

65 3325 717 3388 minuandtnewiurmemrmnlmmm
734 3327 1071 3399 armamento

64 3399 418 3467 mmmmm
458 3394 1072 3466 mmmmm*

63 3466 823 3554 ratimmlimmininssnitumprodud,mm
860 3536 868 3550 .
973 3469 1090 3543 ,euu-

64 3539 841 3610 mmmmmroeamumtemem
928 3540 1093 3587 m

109 3636 535 3684 mamaeam.
920 3620 967 3669 ’ὦ
