<?xml version="1.0" encoding="UTF-8"?>
<!DOCTYPE html PUBLIC "-//W3C//DTD XHTML 1.0 Transitional//EN"
    "http://www.w3.org/TR/xhtml1/DTD/xhtml1-transitional.dtd">
<html xmlns="http://www.w3.org/1999/xhtml" xml:lang="en" lang="en">
 <head>
  <title>
</title>
<meta http-equiv="Content-Type" content="text/html;charset=utf-8" />
  <meta name='ocr-system' content='tesseract 3.04.00' />
  <meta name='ocr-capabilities' content='ocr_page ocr_carea ocr_par ocr_line ocrx_word'/>
</head>
<body>
  <div class='ocr_page' id='page_1' title='image "./euclidisoperaom14unkngoog_0050.png"; bbox 0 0 2340 3834; ppageno 0'>
   <div class='ocr_carea' id='block_1_1' title="bbox 375 163 1063 226">
    <p class='ocr_par' dir='ltr' id='par_1_1' title="bbox 375 163 1063 226">
     <span class='ocr_line' id='line_1_1' title="bbox 375 163 1063 226; baseline 0.001 -9"><span class='ocrx_word' id='word_1_1' title='bbox 375 163 425 218; x_wconf 87' lang='lat' dir='ltr'>AD</span> <span class='ocrx_word' id='word_1_2' title='bbox 443 163 628 219; x_wconf 80' lang='lat' dir='ltr'><strong>EUOLIDEM</strong></span> <span class='ocrx_word' id='word_1_3' title='bbox 645 163 712 218; x_wconf 90' lang='lat' dir='ltr'><strong>LIB.</strong></span> <span class='ocrx_word' id='word_1_4' title='bbox 726 163 746 218; x_wconf 94' lang='lat' dir='ltr'>I.</span> <span class='ocrx_word' id='word_1_5' title='bbox 1022 163 1063 226; x_wconf 87' lang='lat'>13</span> 
     </span>
    </p>
   </div>
   <div class='ocr_carea' id='block_1_2' title="bbox 49 330 1106 3157">
    <p class='ocr_par' dir='ltr' id='par_1_2' title="bbox 49 330 1106 3157">
     <span class='ocr_line' id='line_1_2' title="bbox 49 330 1065 410; baseline -0.004 -18"><span class='ocrx_word' id='word_1_6' title='bbox 49 330 302 407; x_wconf 69' lang='lat' dir='ltr'>convenientiori,</span> <span class='ocrx_word' id='word_1_7' title='bbox 340 351 401 408; x_wconf 88' lang='lat' dir='ltr'>qua</span> <span class='ocrx_word' id='word_1_8' title='bbox 435 333 579 410; x_wconf 87' lang='lat' dir='ltr'>signatur,</span> <span class='ocrx_word' id='word_1_9' title='bbox 611 332 691 408; x_wconf 91' lang='lat' dir='ltr'>quod</span> <span class='ocrx_word' id='word_1_10' title='bbox 722 331 786 408; x_wconf 91' lang='lat' dir='ltr'>ipse</span> <span class='ocrx_word' id='word_1_11' title='bbox 818 331 857 391; x_wconf 91' lang='lat' dir='ltr'>sit</span> <span class='ocrx_word' id='word_1_12' title='bbox 888 331 1001 390; x_wconf 91' lang='lat' dir='ltr'>medius</span> <span class='ocrx_word' id='word_1_13' title='bbox 1032 331 1065 388; x_wconf 92' lang='lat' dir='ltr'>in</span> 
     </span>
     <span class='ocr_line' id='line_1_3' title="bbox 56 420 1065 497; baseline 0 -19"><span class='ocrx_word' id='word_1_14' title='bbox 56 420 239 496; x_wconf 88' lang='lat' dir='ltr'>quantitate,</span> <span class='ocrx_word' id='word_1_15' title='bbox 272 440 341 480; x_wconf 86' lang='lat' dir='ltr'>cum</span> <span class='ocrx_word' id='word_1_16' title='bbox 370 421 457 479; x_wconf 88' lang='lat' dir='ltr'>dixit:</span> <span class='ocrx_word' id='word_1_17' title='bbox 485 421 566 496; x_wconf 92' lang='lat' dir='ltr'>quod</span> <span class='ocrx_word' id='word_1_18' title='bbox 593 422 747 497; x_wconf 88' lang='lat' dir='ltr'>angulus</span> <span class='ocrx_word' id='word_1_19' title='bbox 777 424 830 480; x_wconf 88' lang='lat' dir='ltr'>est</span> <span class='ocrx_word' id='word_1_20' title='bbox 858 420 1065 480; x_wconf 84' lang='lat' dir='ltr'>coniunctio</span> 
     </span>
     <span class='ocr_line' id='line_1_4' title="bbox 59 509 1065 585; baseline -0.001 -17"><span class='ocrx_word' id='word_1_21' title='bbox 59 509 269 584; x_wconf 84' lang='lat' dir='ltr'>superficiei</span> <span class='ocrx_word' id='word_1_22' title='bbox 301 512 365 568; x_wconf 89' lang='lat' dir='ltr'>aut</span> <span class='ocrx_word' id='word_1_23' title='bbox 391 510 553 585; x_wconf 89' lang='lat' dir='ltr'>corporis</span> <span class='ocrx_word' id='word_1_24' title='bbox 581 510 624 567; x_wconf 91' lang='lat' dir='ltr'>ad</span> <span class='ocrx_word' id='word_1_25' title='bbox 651 530 759 568; x_wconf 92' lang='lat' dir='ltr'>unum</span> <span class='ocrx_word' id='word_1_26' title='bbox 785 513 970 585; x_wconf 84' lang='lat' dir='ltr'>punctum,</span> <span class='ocrx_word' id='word_1_27' title='bbox 999 527 1065 584; x_wconf 90' lang='lat' dir='ltr'>que</span> 
     </span>
     <span class='ocr_line' id='line_1_5' title="bbox 58 598 1066 674; baseline -0.001 -18"><span class='ocrx_word' id='word_1_28' title='bbox 58 598 375 674; x_wconf 88' lang='lat' dir='ltr'>comprehenditur</span> <span class='ocrx_word' id='word_1_29' title='bbox 393 617 412 656; x_wconf 92' lang='lat' dir='ltr'>a</span> <span class='ocrx_word' id='word_1_30' title='bbox 429 598 526 657; x_wconf 91' lang='lat' dir='ltr'>linea</span> <span class='ocrx_word' id='word_1_31' title='bbox 541 617 650 657; x_wconf 82' lang='lat' dir='ltr'>curva</span> <span class='ocrx_word' id='word_1_32' title='bbox 664 602 726 657; x_wconf 89' lang='lat' dir='ltr'>aut</span> <span class='ocrx_word' id='word_1_33' title='bbox 740 599 937 674; x_wconf 81' lang='lat' dir='ltr'>superficie</span> <span class='ocrx_word' id='word_1_34' title='bbox 952 600 1066 656; x_wconf 83' lang='lat' dir='ltr'>acuta.</span> 
     </span>
     <span class='ocr_line' id='line_1_6' title="bbox 58 687 1106 764; baseline -0.001 -18"><span class='ocrx_word' id='word_1_35' title='bbox 58 688 103 746; x_wconf 81' lang='lat' dir='ltr'>Ex</span> <span class='ocrx_word' id='word_1_36' title='bbox 132 687 189 745; x_wconf 88' lang='lat' dir='ltr'>hoe</span> <span class='ocrx_word' id='word_1_37' title='bbox 220 687 412 764; x_wconf 84' lang='lat' dir='ltr'>significavit,</span> <span class='ocrx_word' id='word_1_38' title='bbox 445 687 524 762; x_wconf 87' lang='lat' dir='ltr'>quod</span> <span class='ocrx_word' id='word_1_39' title='bbox 552 688 597 745; x_wconf 89' lang='lat' dir='ltr'>est</span> <span class='ocrx_word' id='word_1_40' title='bbox 624 687 790 762; x_wconf 87' lang='lat' dir='ltr'>quantitas,</span> <span class='ocrx_word' id='word_1_41' title='bbox 823 691 853 746; x_wconf 90' lang='lat' dir='ltr'>et</span> <span class='ocrx_word' id='word_1_42' title='bbox 880 687 1066 764; x_wconf 85' lang='lat' dir='ltr'>significavit,</span> <span class='ocrx_word' id='word_1_43' title='bbox 1094 697 1106 738; x_wconf 84' lang='lat'><strong>5</strong></span> 
     </span>
     <span class='ocr_line' id='line_1_7' title="bbox 56 775 1065 852; baseline -0.002 -18"><span class='ocrx_word' id='word_1_44' title='bbox 56 776 139 851; x_wconf 91' lang='lat' dir='ltr'>quod</span> <span class='ocrx_word' id='word_1_45' title='bbox 172 775 235 834; x_wconf 91' lang='lat' dir='ltr'>eius</span> <span class='ocrx_word' id='word_1_46' title='bbox 268 777 378 851; x_wconf 88' lang='lat' dir='ltr'>speeies</span> <span class='ocrx_word' id='word_1_47' title='bbox 411 779 456 834; x_wconf 88' lang='lat' dir='ltr'>est</span> <span class='ocrx_word' id='word_1_48' title='bbox 487 775 639 852; x_wconf 88' lang='lat' dir='ltr'>medietas,</span> <span class='ocrx_word' id='word_1_49' title='bbox 672 795 740 834; x_wconf 89' lang='lat' dir='ltr'>eum</span> <span class='ocrx_word' id='word_1_50' title='bbox 771 776 858 851; x_wconf 89' lang='lat' dir='ltr'>dixit,</span> <span class='ocrx_word' id='word_1_51' title='bbox 891 776 971 850; x_wconf 91' lang='lat' dir='ltr'>quod</span> <span class='ocrx_word' id='word_1_52' title='bbox 999 794 1065 834; x_wconf 84' lang='lat' dir='ltr'>eon-</span> 
     </span>
     <span class='ocr_line' id='line_1_8' title="bbox 54 864 1066 942; baseline 0.001 -20"><span class='ocrx_word' id='word_1_53' title='bbox 54 865 223 942; x_wconf 87' lang='lat' dir='ltr'>iunguntur</span> <span class='ocrx_word' id='word_1_54' title='bbox 245 865 284 923; x_wconf 92' lang='lat' dir='ltr'>ad</span> <span class='ocrx_word' id='word_1_55' title='bbox 305 884 400 923; x_wconf 89' lang='lat' dir='ltr'>unum</span> <span class='ocrx_word' id='word_1_56' title='bbox 422 866 576 940; x_wconf 88' lang='lat' dir='ltr'>punctum,</span> <span class='ocrx_word' id='word_1_57' title='bbox 600 867 630 922; x_wconf 94' lang='lat' dir='ltr'>et</span> <span class='ocrx_word' id='word_1_58' title='bbox 652 865 732 940; x_wconf 89' lang='lat' dir='ltr'>quod</span> <span class='ocrx_word' id='word_1_59' title='bbox 750 864 970 939; x_wconf 85' lang='lat' dir='ltr'>comprehendit</span> <span class='ocrx_word' id='word_1_60' title='bbox 986 865 1066 923; x_wconf 90' lang='lat' dir='ltr'>linea</span> 
     </span>
     <span class='ocr_line' id='line_1_9' title="bbox 53 945 1065 1032; baseline -0.002 -19"><span class='ocrx_word' id='word_1_61' title='bbox 53 972 151 1013; x_wconf 71' lang='lat' dir='ltr'>curua</span> <span class='ocrx_word' id='word_1_62' title='bbox 178 956 232 1012; x_wconf 88' lang='lat' dir='ltr'>aut</span> <span class='ocrx_word' id='word_1_63' title='bbox 259 954 426 1029; x_wconf 85' lang='lat' dir='ltr'>superficies</span> <span class='ocrx_word' id='word_1_64' title='bbox 454 955 551 1012; x_wconf 82' lang='lat' dir='ltr'>acuta.</span> <span class='ocrx_word' id='word_1_65' title='bbox 601 954 678 1011; x_wconf 87' lang='lat' dir='ltr'>Tum</span> <span class='ocrx_word' id='word_1_66' title='bbox 699 973 769 1013; x_wconf 83' lang='lat' dir='ltr'>vero</span> <span class='ocrx_word' id='word_1_67' title='bbox 793 953 889 1012; x_wconf 82' lang='lat' dir='ltr'>socius</span> <span class='ocrx_word' id='word_1_68' title='bbox 913 945 1065 1032; x_wconf 75' lang='lat' dir='ltr'>Aaxms1)</span> 
     </span>
     <span class='ocr_line' id='line_1_10' title="bbox 53 1041 1066 1117; baseline -0.003 -16"><span class='ocrx_word' id='word_1_69' title='bbox 53 1061 90 1101; x_wconf 91' lang='lat' dir='ltr'>eo</span> <span class='ocrx_word' id='word_1_70' title='bbox 119 1042 200 1117; x_wconf 89' lang='lat' dir='ltr'>quod</span> <span class='ocrx_word' id='word_1_71' title='bbox 225 1042 302 1100; x_wconf 81' lang='lat' dir='ltr'>vidit</span> <span class='ocrx_word' id='word_1_72' title='bbox 327 1043 534 1102; x_wconf 75' lang='lat' dir='ltr'>Aronnoxuuu</span> <span class='ocrx_word' id='word_1_73' title='bbox 559 1043 705 1117; x_wconf 79' lang='lat' dir='ltr'>excepisse</span> <span class='ocrx_word' id='word_1_74' title='bbox 732 1045 836 1117; x_wconf 91' lang='lat' dir='ltr'>postea</span> <span class='ocrx_word' id='word_1_75' title='bbox 859 1041 1066 1100; x_wconf 87' lang='lat' dir='ltr'>diffinitionem</span> 
     </span>
     <span class='ocr_line' id='line_1_11' title="bbox 53 1129 1105 1208; baseline -0.008 -18"><span class='ocrx_word' id='word_1_76' title='bbox 53 1149 156 1206; x_wconf 88' lang='lat' dir='ltr'>suam,</span> <span class='ocrx_word' id='word_1_77' title='bbox 186 1149 254 1188; x_wconf 89' lang='lat' dir='ltr'>aum</span> <span class='ocrx_word' id='word_1_78' title='bbox 281 1131 368 1207; x_wconf 90' lang='lat' dir='ltr'>dixit,</span> <span class='ocrx_word' id='word_1_79' title='bbox 397 1132 478 1208; x_wconf 89' lang='lat' dir='ltr'>quod</span> <span class='ocrx_word' id='word_1_80' title='bbox 499 1149 559 1189; x_wconf 89' lang='lat' dir='ltr'>non</span> <span class='ocrx_word' id='word_1_81' title='bbox 581 1131 726 1206; x_wconf 81' lang='lat' dir='ltr'>convenit,</span> <span class='ocrx_word' id='word_1_82' title='bbox 752 1134 787 1189; x_wconf 92' lang='lat' dir='ltr'>ut</span> <span class='ocrx_word' id='word_1_83' title='bbox 810 1130 863 1188; x_wconf 89' lang='lat' dir='ltr'>hee</span> <span class='ocrx_word' id='word_1_84' title='bbox 885 1131 925 1189; x_wconf 90' lang='lat' dir='ltr'>sit</span> <span class='ocrx_word' id='word_1_85' title='bbox 947 1129 1105 1189; x_wconf 87' lang='lat' dir='ltr'>univer-10</span> 
     </span>
     <span class='ocr_line' id='line_1_12' title="bbox 54 1218 1065 1297; baseline -0.002 -19"><span class='ocrx_word' id='word_1_86' title='bbox 54 1219 129 1278; x_wconf 89' lang='lat' dir='ltr'>salis</span> <span class='ocrx_word' id='word_1_87' title='bbox 157 1218 309 1295; x_wconf 89' lang='lat' dir='ltr'>diffinitio,</span> <span class='ocrx_word' id='word_1_88' title='bbox 337 1220 388 1278; x_wconf 91' lang='lat' dir='ltr'>sed</span> <span class='ocrx_word' id='word_1_89' title='bbox 415 1221 552 1279; x_wconf 85' lang='lat' dir='ltr'>convenit</span> <span class='ocrx_word' id='word_1_90' title='bbox 575 1220 613 1277; x_wconf 92' lang='lat' dir='ltr'>ad</span> <span class='ocrx_word' id='word_1_91' title='bbox 636 1219 878 1297; x_wconf 81' lang='lat' dir='ltr'>constringendae</span> <span class='ocrx_word' id='word_1_92' title='bbox 901 1219 1011 1294; x_wconf 89' lang='lat' dir='ltr'>speeies</span> <span class='ocrx_word' id='word_1_93' title='bbox 1036 1221 1065 1276; x_wconf 88' lang='lat' dir='ltr'>et</span> 
     </span>
     <span class='ocr_line' id='line_1_13' title="bbox 54 1307 1064 1385; baseline -0.002 -19"><span class='ocrx_word' id='word_1_94' title='bbox 54 1307 263 1383; x_wconf 87' lang='lat' dir='ltr'>numerandas,</span> <span class='ocrx_word' id='word_1_95' title='bbox 289 1309 429 1367; x_wconf 81' lang='lat' dir='ltr'>diffinivit</span> <span class='ocrx_word' id='word_1_96' title='bbox 450 1310 505 1368; x_wconf 90' lang='lat' dir='ltr'>hoe</span> <span class='ocrx_word' id='word_1_97' title='bbox 528 1309 615 1367; x_wconf 91' lang='lat' dir='ltr'>modo</span> <span class='ocrx_word' id='word_1_98' title='bbox 639 1309 784 1385; x_wconf 89' lang='lat' dir='ltr'>angulum</span> <span class='ocrx_word' id='word_1_99' title='bbox 807 1307 918 1366; x_wconf 83' lang='lat' dir='ltr'>dicens:</span> <span class='ocrx_word' id='word_1_100' title='bbox 945 1307 1064 1384; x_wconf 82' lang='lat' dir='ltr'>Angu-</span> 
     </span>
     <span class='ocr_line' id='line_1_14' title="bbox 55 1396 1064 1472; baseline -0.001 -18"><span class='ocrx_word' id='word_1_101' title='bbox 55 1397 113 1454; x_wconf 90' lang='lat' dir='ltr'>lus</span> <span class='ocrx_word' id='word_1_102' title='bbox 142 1398 196 1454; x_wconf 87' lang='lat' dir='ltr'>est</span> <span class='ocrx_word' id='word_1_103' title='bbox 224 1399 412 1472; x_wconf 74' lang='lat' dir='ltr'>quantitas</span> <span class='ocrx_word' id='word_1_104' title='bbox 439 1397 573 1455; x_wconf 88' lang='lat' dir='ltr'>habens</span> <span class='ocrx_word' id='word_1_105' title='bbox 600 1397 851 1472; x_wconf 80' lang='lat' dir='ltr'>dimensiones,</span> <span class='ocrx_word' id='word_1_106' title='bbox 879 1396 981 1454; x_wconf 85' lang='lat' dir='ltr'>ouius</span> <span class='ocrx_word' id='word_1_107' title='bbox 1008 1415 1064 1454; x_wconf 92' lang='lat' dir='ltr'>ex·</span> 
     </span>
     <span class='ocr_line' id='line_1_15' title="bbox 56 1484 1065 1561; baseline -0.001 -18"><span class='ocrx_word' id='word_1_108' title='bbox 56 1484 265 1544; x_wconf 88' lang='lat' dir='ltr'>tremitates</span> <span class='ocrx_word' id='word_1_109' title='bbox 301 1486 518 1561; x_wconf 87' lang='lat' dir='ltr'>perveniunt</span> <span class='ocrx_word' id='word_1_110' title='bbox 554 1486 597 1543; x_wconf 92' lang='lat' dir='ltr'>ad</span> <span class='ocrx_word' id='word_1_111' title='bbox 632 1506 740 1544; x_wconf 91' lang='lat' dir='ltr'>unum</span> <span class='ocrx_word' id='word_1_112' title='bbox 771 1487 949 1561; x_wconf 89' lang='lat' dir='ltr'>punctum.</span> <span class='ocrx_word' id='word_1_113' title='bbox 1004 1485 1065 1543; x_wconf 89' lang='lat' dir='ltr'>Iste</span> 
     </span>
     <span class='ocr_line' id='line_1_16' title="bbox 57 1571 1105 1650; baseline 0.001 -20"><span class='ocrx_word' id='word_1_114' title='bbox 57 1572 180 1648; x_wconf 88' lang='lat' dir='ltr'>quidem</span> <span class='ocrx_word' id='word_1_115' title='bbox 212 1593 247 1631; x_wconf 88' lang='lat' dir='ltr'>ex</span> <span class='ocrx_word' id='word_1_116' title='bbox 277 1575 345 1650; x_wconf 84' lang='lat' dir='ltr'>hoc,</span> <span class='ocrx_word' id='word_1_117' title='bbox 378 1575 457 1649; x_wconf 91' lang='lat' dir='ltr'>quod</span> <span class='ocrx_word' id='word_1_118' title='bbox 489 1574 576 1632; x_wconf 84' lang='lat' dir='ltr'>dixit:</span> <span class='ocrx_word' id='word_1_119' title='bbox 613 1574 767 1649; x_wconf 89' lang='lat' dir='ltr'>„habens</span> <span class='ocrx_word' id='word_1_120' title='bbox 800 1571 1064 1632; x_wconf 84' lang='lat' dir='ltr'>dimensiones“</span> <span class='ocrx_word' id='word_1_121' title='bbox 1079 1585 1105 1625; x_wconf 77' lang='lat'>16</span> 
     </span>
     <span class='ocr_line' id='line_1_17' title="bbox 57 1661 1064 1738; baseline -0.001 -18"><span class='ocrx_word' id='word_1_122' title='bbox 57 1661 212 1720; x_wconf 85' lang='lat' dir='ltr'>coniunxit</span> <span class='ocrx_word' id='word_1_123' title='bbox 230 1662 480 1738; x_wconf 77' lang='lat' dir='ltr'>communitatem,</span> <span class='ocrx_word' id='word_1_124' title='bbox 499 1682 556 1737; x_wconf 93' lang='lat' dir='ltr'>que</span> <span class='ocrx_word' id='word_1_125' title='bbox 576 1665 621 1721; x_wconf 89' lang='lat' dir='ltr'>est</span> <span class='ocrx_word' id='word_1_126' title='bbox 639 1662 717 1721; x_wconf 90' lang='lat' dir='ltr'>inter</span> <span class='ocrx_word' id='word_1_127' title='bbox 730 1662 946 1737; x_wconf 85' lang='lat' dir='ltr'>superficialem</span> <span class='ocrx_word' id='word_1_128' title='bbox 959 1667 989 1721; x_wconf 91' lang='lat' dir='ltr'>et</span> <span class='ocrx_word' id='word_1_129' title='bbox 1003 1680 1064 1721; x_wconf 89' lang='lat' dir='ltr'>eor-</span> 
     </span>
     <span class='ocr_line' id='line_1_18' title="bbox 56 1751 1065 1826; baseline 0.002 -19"><span class='ocrx_word' id='word_1_130' title='bbox 56 1768 194 1826; x_wconf 89' lang='lat' dir='ltr'>poreum,</span> <span class='ocrx_word' id='word_1_131' title='bbox 225 1754 256 1808; x_wconf 90' lang='lat' dir='ltr'>et</span> <span class='ocrx_word' id='word_1_132' title='bbox 283 1751 429 1809; x_wconf 80' lang='lat' dir='ltr'>intellexit</span> <span class='ocrx_word' id='word_1_133' title='bbox 455 1751 716 1826; x_wconf 88' lang='lat' dir='ltr'>inseparationem,</span> <span class='ocrx_word' id='word_1_134' title='bbox 745 1770 802 1826; x_wconf 93' lang='lat' dir='ltr'>que</span> <span class='ocrx_word' id='word_1_135' title='bbox 831 1754 875 1809; x_wconf 90' lang='lat' dir='ltr'>est</span> <span class='ocrx_word' id='word_1_136' title='bbox 901 1752 980 1809; x_wconf 89' lang='lat' dir='ltr'>inter</span> <span class='ocrx_word' id='word_1_137' title='bbox 1007 1770 1065 1825; x_wconf 90' lang='lat' dir='ltr'>eos,</span> 
     </span>
     <span class='ocr_line' id='line_1_19' title="bbox 57 1839 1065 1917; baseline 0.001 -20"><span class='ocrx_word' id='word_1_138' title='bbox 57 1841 88 1897; x_wconf 90' lang='lat' dir='ltr'>et</span> <span class='ocrx_word' id='word_1_139' title='bbox 115 1839 225 1913; x_wconf 88' lang='lat' dir='ltr'>voluit,</span> <span class='ocrx_word' id='word_1_140' title='bbox 252 1842 289 1897; x_wconf 91' lang='lat' dir='ltr'>ut</span> <span class='ocrx_word' id='word_1_141' title='bbox 310 1859 346 1897; x_wconf 88' lang='lat' dir='ltr'>ex</span> <span class='ocrx_word' id='word_1_142' title='bbox 368 1839 464 1898; x_wconf 88' lang='lat' dir='ltr'>verbis</span> <span class='ocrx_word' id='word_1_143' title='bbox 489 1840 551 1898; x_wconf 89' lang='lat' dir='ltr'>eius</span> <span class='ocrx_word' id='word_1_144' title='bbox 575 1840 806 1916; x_wconf 77' lang='lat' dir='ltr'>intelligeretur,</span> <span class='ocrx_word' id='word_1_145' title='bbox 835 1840 913 1914; x_wconf 89' lang='lat' dir='ltr'>quod</span> <span class='ocrx_word' id='word_1_146' title='bbox 937 1841 1065 1917; x_wconf 90' lang='lat' dir='ltr'>angulus</span> 
     </span>
     <span class='ocr_line' id='line_1_20' title="bbox 58 1927 1100 2005; baseline 0.001 -20"><span class='ocrx_word' id='word_1_147' title='bbox 58 1927 254 2002; x_wconf 85' lang='lat' dir='ltr'>superficialis</span> <span class='ocrx_word' id='word_1_148' title='bbox 290 1927 381 1986; x_wconf 92' lang='lat' dir='ltr'>habet</span> <span class='ocrx_word' id='word_1_149' title='bbox 411 1928 627 2005; x_wconf 84' lang='lat' dir='ltr'>longitudinem</span> <span class='ocrx_word' id='word_1_150' title='bbox 659 1931 689 1986; x_wconf 89' lang='lat' dir='ltr'>et</span> <span class='ocrx_word' id='word_1_151' title='bbox 719 1928 922 2003; x_wconf 83' lang='lat' dir='ltr'>latitudinem,</span> <span class='ocrx_word' id='word_1_152' title='bbox 959 1931 989 1986; x_wconf 91' lang='lat' dir='ltr'>et</span> <span class='ocrx_word' id='word_1_153' title='bbox 1021 1931 1065 1986; x_wconf 90' lang='lat' dir='ltr'>est</span> <span class='ocrx_word' id='word_1_154' title='bbox 1098 1981 1100 1986; x_wconf 91' lang='lat'><em>.</em></span> 
     </span>
     <span class='ocr_line' id='line_1_21' title="bbox 56 2015 1106 2092; baseline 0.001 -20"><span class='ocrx_word' id='word_1_155' title='bbox 56 2015 168 2075; x_wconf 89' lang='lat' dir='ltr'>habens</span> <span class='ocrx_word' id='word_1_156' title='bbox 196 2017 271 2074; x_wconf 90' lang='lat' dir='ltr'>duas</span> <span class='ocrx_word' id='word_1_157' title='bbox 298 2017 500 2075; x_wconf 89' lang='lat' dir='ltr'>dimensiones.</span> <span class='ocrx_word' id='word_1_158' title='bbox 546 2017 587 2076; x_wconf 77' lang='lat' dir='ltr'>Et</span> <span class='ocrx_word' id='word_1_159' title='bbox 613 2018 739 2076; x_wconf 85' lang='lat' dir='ltr'>forsitan</span> <span class='ocrx_word' id='word_1_160' title='bbox 767 2017 989 2076; x_wconf 84' lang='lat' dir='ltr'>convenientius</span> <span class='ocrx_word' id='word_1_161' title='bbox 1013 2018 1065 2092; x_wconf 88' lang='lat' dir='ltr'>est,</span> <span class='ocrx_word' id='word_1_162' title='bbox 1080 2029 1106 2069; x_wconf 79' lang='lat'>20</span> 
     </span>
     <span class='ocr_line' id='line_1_22' title="bbox 56 2105 1066 2181; baseline 0.001 -20"><span class='ocrx_word' id='word_1_163' title='bbox 56 2106 93 2161; x_wconf 89' lang='lat' dir='ltr'>ut</span> <span class='ocrx_word' id='word_1_164' title='bbox 123 2106 253 2181; x_wconf 88' lang='lat' dir='ltr'>angulus</span> <span class='ocrx_word' id='word_1_165' title='bbox 284 2108 415 2180; x_wconf 89' lang='lat' dir='ltr'>ponatur</span> <span class='ocrx_word' id='word_1_166' title='bbox 444 2105 577 2164; x_wconf 91' lang='lat' dir='ltr'>medians</span> <span class='ocrx_word' id='word_1_167' title='bbox 608 2107 640 2163; x_wconf 91' lang='lat' dir='ltr'>in</span> <span class='ocrx_word' id='word_1_168' title='bbox 672 2106 855 2181; x_wconf 88' lang='lat' dir='ltr'>quantitate,</span> <span class='ocrx_word' id='word_1_169' title='bbox 888 2106 999 2164; x_wconf 84' lang='lat' dir='ltr'>seilicet</span> <span class='ocrx_word' id='word_1_170' title='bbox 1030 2107 1066 2163; x_wconf 88' lang='lat' dir='ltr'>ut</span> 
     </span>
     <span class='ocr_line' id='line_1_23' title="bbox 58 2193 1066 2270; baseline 0 -19"><span class='ocrx_word' id='word_1_171' title='bbox 58 2193 253 2268; x_wconf 79' lang='lat' dir='ltr'>superficialis</span> <span class='ocrx_word' id='word_1_172' title='bbox 285 2194 324 2252; x_wconf 91' lang='lat' dir='ltr'>sit</span> <span class='ocrx_word' id='word_1_173' title='bbox 351 2193 467 2252; x_wconf 89' lang='lat' dir='ltr'>medius</span> <span class='ocrx_word' id='word_1_174' title='bbox 498 2195 576 2253; x_wconf 88' lang='lat' dir='ltr'>inter</span> <span class='ocrx_word' id='word_1_175' title='bbox 610 2195 793 2270; x_wconf 83' lang='lat' dir='ltr'>superficiem</span> <span class='ocrx_word' id='word_1_176' title='bbox 825 2198 855 2253; x_wconf 90' lang='lat' dir='ltr'>et</span> <span class='ocrx_word' id='word_1_177' title='bbox 881 2194 1003 2268; x_wconf 89' lang='lat' dir='ltr'>lineam,</span> <span class='ocrx_word' id='word_1_178' title='bbox 1036 2195 1066 2252; x_wconf 89' lang='lat' dir='ltr'>et</span> 
     </span>
     <span class='ocr_line' id='line_1_24' title="bbox 58 2282 1067 2358; baseline -0.001 -18"><span class='ocrx_word' id='word_1_179' title='bbox 58 2299 218 2357; x_wconf 87' lang='lat' dir='ltr'>corporeus</span> <span class='ocrx_word' id='word_1_180' title='bbox 255 2283 294 2340; x_wconf 92' lang='lat' dir='ltr'>sit</span> <span class='ocrx_word' id='word_1_181' title='bbox 323 2282 439 2341; x_wconf 91' lang='lat' dir='ltr'>medius</span> <span class='ocrx_word' id='word_1_182' title='bbox 471 2283 550 2341; x_wconf 89' lang='lat' dir='ltr'>inter</span> <span class='ocrx_word' id='word_1_183' title='bbox 581 2284 764 2358; x_wconf 82' lang='lat' dir='ltr'>superficiem</span> <span class='ocrx_word' id='word_1_184' title='bbox 796 2287 826 2341; x_wconf 92' lang='lat' dir='ltr'>et</span> <span class='ocrx_word' id='word_1_185' title='bbox 858 2301 971 2357; x_wconf 86' lang='lat' dir='ltr'>eorpus.</span> <span class='ocrx_word' id='word_1_186' title='bbox 1026 2283 1067 2340; x_wconf 83' lang='lat' dir='ltr'>Et</span> 
     </span>
     <span class='ocr_line' id='line_1_25' title="bbox 57 2371 1066 2449; baseline 0 -21"><span class='ocrx_word' id='word_1_187' title='bbox 57 2371 186 2429; x_wconf 87' lang='lat' dir='ltr'>forsitan</span> <span class='ocrx_word' id='word_1_188' title='bbox 210 2371 318 2445; x_wconf 89' lang='lat' dir='ltr'>aliquis</span> <span class='ocrx_word' id='word_1_189' title='bbox 342 2371 469 2430; x_wconf 86' lang='lat' dir='ltr'>diffiniet</span> <span class='ocrx_word' id='word_1_190' title='bbox 491 2373 636 2449; x_wconf 83' lang='lat' dir='ltr'>angulum</span> <span class='ocrx_word' id='word_1_191' title='bbox 659 2376 689 2430; x_wconf 90' lang='lat' dir='ltr'>et</span> <span class='ocrx_word' id='word_1_192' title='bbox 712 2373 802 2430; x_wconf 86' lang='lat' dir='ltr'>dicet:</span> <span class='ocrx_word' id='word_1_193' title='bbox 824 2371 989 2448; x_wconf 85' lang='lat' dir='ltr'>Angulus</span> <span class='ocrx_word' id='word_1_194' title='bbox 1012 2373 1066 2428; x_wconf 89' lang='lat' dir='ltr'>est</span> 
     </span>
     <span class='ocr_line' id='line_1_26' title="bbox 56 2460 1105 2536; baseline -0.004 -20"><span class='ocrx_word' id='word_1_195' title='bbox 56 2461 262 2534; x_wconf 76' lang='lat' dir='ltr'>quantitaS,</span> <span class='ocrx_word' id='word_1_196' title='bbox 286 2479 390 2535; x_wconf 91' lang='lat' dir='ltr'>quam</span> <span class='ocrx_word' id='word_1_197' title='bbox 412 2461 682 2536; x_wconf 89' lang='lat' dir='ltr'>comprehendit</span> <span class='ocrx_word' id='word_1_198' title='bbox 704 2461 860 2520; x_wconf 83' lang='lat' dir='ltr'>vicinior</span> <span class='ocrx_word' id='word_1_199' title='bbox 878 2460 1064 2535; x_wconf 86' lang='lat' dir='ltr'>quantitas</span> <span class='ocrx_word' id='word_1_200' title='bbox 1081 2472 1105 2512; x_wconf 79' lang='lat'>25</span> 
     </span>
     <span class='ocr_line' id='line_1_27' title="bbox 57 2548 1067 2624; baseline 0 -19"><span class='ocrx_word' id='word_1_201' title='bbox 57 2549 344 2624; x_wconf 89' lang='lat' dir='ltr'>quantitatibus,</span> <span class='ocrx_word' id='word_1_202' title='bbox 377 2567 443 2624; x_wconf 88' lang='lat' dir='ltr'>que</span> <span class='ocrx_word' id='word_1_203' title='bbox 476 2568 514 2607; x_wconf 89' lang='lat' dir='ltr'>eo</span> <span class='ocrx_word' id='word_1_204' title='bbox 547 2550 788 2624; x_wconf 87' lang='lat' dir='ltr'>simpliciores</span> <span class='ocrx_word' id='word_1_205' title='bbox 820 2549 995 2623; x_wconf 89' lang='lat' dir='ltr'>existunt,</span> <span class='ocrx_word' id='word_1_206' title='bbox 1028 2548 1067 2605; x_wconf 91' lang='lat' dir='ltr'>ad</span> 
     </span>
     <span class='ocr_line' id='line_1_28' title="bbox 56 2636 1066 2713; baseline 0.002 -20"><span class='ocrx_word' id='word_1_207' title='bbox 56 2655 167 2695; x_wconf 89' lang='lat' dir='ltr'>unum</span> <span class='ocrx_word' id='word_1_208' title='bbox 203 2638 455 2713; x_wconf 82' lang='lat' dir='ltr'>pervenientes</span> <span class='ocrx_word' id='word_1_209' title='bbox 492 2642 670 2713; x_wconf 89' lang='lat' dir='ltr'>punctum.</span> <span class='ocrx_word' id='word_1_210' title='bbox 725 2638 770 2698; x_wconf 78' lang='lat' dir='ltr'>llo</span> <span class='ocrx_word' id='word_1_211' title='bbox 807 2641 908 2697; x_wconf 93' lang='lat' dir='ltr'>autem</span> <span class='ocrx_word' id='word_1_212' title='bbox 943 2638 975 2694; x_wconf 89' lang='lat' dir='ltr'>in</span> <span class='ocrx_word' id='word_1_213' title='bbox 1011 2636 1066 2695; x_wconf 87' lang='lat' dir='ltr'>hac</span> 
     </span>
     <span class='ocr_line' id='line_1_29' title="bbox 58 2724 1066 2803; baseline -0.001 -20"><span class='ocrx_word' id='word_1_214' title='bbox 58 2725 237 2785; x_wconf 87' lang='lat' dir='ltr'>diffinitione</span> <span class='ocrx_word' id='word_1_215' title='bbox 277 2726 390 2785; x_wconf 88' lang='lat' dir='ltr'>dietum</span> <span class='ocrx_word' id='word_1_216' title='bbox 427 2729 471 2785; x_wconf 89' lang='lat' dir='ltr'>est</span> <span class='ocrx_word' id='word_1_217' title='bbox 507 2724 802 2803; x_wconf 84' lang='lat' dir='ltr'>„simplieiores“,</span> <span class='ocrx_word' id='word_1_218' title='bbox 844 2726 999 2801; x_wconf 89' lang='lat' dir='ltr'>quoniam,</span> <span class='ocrx_word' id='word_1_219' title='bbox 1040 2726 1066 2783; x_wconf 90' lang='lat' dir='ltr'>si</span> 
     </span>
     <span class='ocr_line' id='line_1_30' title="bbox 56 2814 1066 2891; baseline -0.001 -20"><span class='ocrx_word' id='word_1_220' title='bbox 56 2814 151 2873; x_wconf 90' lang='lat' dir='ltr'>fuerit</span> <span class='ocrx_word' id='word_1_221' title='bbox 178 2816 306 2891; x_wconf 85' lang='lat' dir='ltr'>angulus</span> <span class='ocrx_word' id='word_1_222' title='bbox 332 2815 537 2891; x_wconf 84' lang='lat' dir='ltr'>superficialis,</span> <span class='ocrx_word' id='word_1_223' title='bbox 565 2817 627 2891; x_wconf 90' lang='lat' dir='ltr'>ipse</span> <span class='ocrx_word' id='word_1_224' title='bbox 650 2819 723 2874; x_wconf 85' lang='lat' dir='ltr'>tune</span> <span class='ocrx_word' id='word_1_225' title='bbox 744 2816 859 2874; x_wconf 89' lang='lat' dir='ltr'>medius</span> <span class='ocrx_word' id='word_1_226' title='bbox 881 2816 959 2874; x_wconf 89' lang='lat' dir='ltr'>inter</span> <span class='ocrx_word' id='word_1_227' title='bbox 981 2814 1066 2890; x_wconf 89' lang='lat' dir='ltr'>illud,</span> 
     </span>
     <span class='ocr_line' id='line_1_31' title="bbox 57 2903 1106 2981; baseline -0.003 -21"><span class='ocrx_word' id='word_1_228' title='bbox 57 2903 140 2978; x_wconf 89' lang='lat' dir='ltr'>quod</span> <span class='ocrx_word' id='word_1_229' title='bbox 161 2903 251 2962; x_wconf 91' lang='lat' dir='ltr'>habet</span> <span class='ocrx_word' id='word_1_230' title='bbox 270 2922 362 2961; x_wconf 90' lang='lat' dir='ltr'>unam</span> <span class='ocrx_word' id='word_1_231' title='bbox 380 2904 598 2980; x_wconf 87' lang='lat' dir='ltr'>dimensionem,</span> <span class='ocrx_word' id='word_1_232' title='bbox 622 2907 652 2962; x_wconf 94' lang='lat' dir='ltr'>et</span> <span class='ocrx_word' id='word_1_233' title='bbox 669 2905 753 2980; x_wconf 90' lang='lat' dir='ltr'>illud,</span> <span class='ocrx_word' id='word_1_234' title='bbox 778 2905 857 2981; x_wconf 92' lang='lat' dir='ltr'>quod</span> <span class='ocrx_word' id='word_1_235' title='bbox 875 2904 965 2962; x_wconf 89' lang='lat' dir='ltr'>habet</span> <span class='ocrx_word' id='word_1_236' title='bbox 983 2904 1066 2979; x_wconf 79' lang='lat' dir='ltr'>duaa,</span> <span class='ocrx_word' id='word_1_237' title='bbox 1081 2919 1106 2958; x_wconf 85' lang='lat' dir='ltr'>ao</span> 
     </span>
     <span class='ocr_line' id='line_1_32' title="bbox 57 2992 1065 3069; baseline 0 -19"><span class='ocrx_word' id='word_1_238' title='bbox 57 3011 130 3068; x_wconf 85' lang='lat' dir='ltr'>ergo</span> <span class='ocrx_word' id='word_1_239' title='bbox 162 2992 412 3067; x_wconf 86' lang='lat' dir='ltr'>comprehendunt</span> <span class='ocrx_word' id='word_1_240' title='bbox 444 3013 512 3051; x_wconf 90' lang='lat' dir='ltr'>eum</span> <span class='ocrx_word' id='word_1_241' title='bbox 542 2994 632 3066; x_wconf 77' lang='lat' dir='ltr'>linae,</span> <span class='ocrx_word' id='word_1_242' title='bbox 666 2997 696 3051; x_wconf 90' lang='lat' dir='ltr'>et</span> <span class='ocrx_word' id='word_1_243' title='bbox 727 2995 752 3052; x_wconf 91' lang='lat' dir='ltr'>si</span> <span class='ocrx_word' id='word_1_244' title='bbox 781 2995 873 3051; x_wconf 89' lang='lat' dir='ltr'>fuerit</span> <span class='ocrx_word' id='word_1_245' title='bbox 900 3011 1065 3069; x_wconf 84' lang='lat' dir='ltr'>corporeus,</span> 
     </span>
     <span class='ocr_line' id='line_1_33' title="bbox 58 3081 1067 3157; baseline 0.002 -19"><span class='ocrx_word' id='word_1_246' title='bbox 58 3081 312 3156; x_wconf 86' lang='lat' dir='ltr'>comprehendunt</span> <span class='ocrx_word' id='word_1_247' title='bbox 339 3101 407 3139; x_wconf 90' lang='lat' dir='ltr'>eum</span> <span class='ocrx_word' id='word_1_248' title='bbox 434 3082 610 3157; x_wconf 74' lang='lat' dir='ltr'>superficies,</span> <span class='ocrx_word' id='word_1_249' title='bbox 655 3084 696 3140; x_wconf 78' lang='lat' dir='ltr'>ut</span> <span class='ocrx_word' id='word_1_250' title='bbox 723 3083 803 3157; x_wconf 89' lang='lat' dir='ltr'>quod</span> <span class='ocrx_word' id='word_1_251' title='bbox 830 3083 943 3141; x_wconf 84' lang='lat' dir='ltr'>dictum</span> <span class='ocrx_word' id='word_1_252' title='bbox 968 3085 1013 3140; x_wconf 89' lang='lat' dir='ltr'>est</span> <span class='ocrx_word' id='word_1_253' title='bbox 1036 3082 1067 3140; x_wconf 90' lang='lat' dir='ltr'>in</span> 
     </span>
    </p>
   </div>
   <div class='ocr_carea' id='block_1_3' title="bbox 130 3303 770 3373">
    <p class='ocr_par' dir='ltr' id='par_1_3' title="bbox 130 3303 770 3373">
     <span class='ocr_line' id='line_1_34' title="bbox 130 3303 770 3373; baseline 0.005 -17"><span class='ocrx_word' id='word_1_254' title='bbox 130 3308 154 3358; x_wconf 90' lang='lat'>4.</span> <span class='ocrx_word' id='word_1_255' title='bbox 175 3303 452 3372; x_wconf 85' lang='lat' dir='ltr'>comprehenduntur.</span> <span class='ocrx_word' id='word_1_256' title='bbox 471 3337 506 3345; x_wconf 95' lang='lat'>—</span> <span class='ocrx_word' id='word_1_257' title='bbox 525 3310 549 3358; x_wconf 84' lang='grc'>9.</span> <span class='ocrx_word' id='word_1_258' title='bbox 564 3304 770 3373; x_wconf 88' lang='lat' dir='ltr'>Appollonium.</span> 
     </span>
    </p>
   </div>
   <div class='ocr_carea' id='block_1_4' title="bbox 132 3530 470 3603">
    <p class='ocr_par' dir='ltr' id='par_1_4' title="bbox 132 3530 470 3603">
     <span class='ocr_line' id='line_1_35' title="bbox 132 3530 470 3603; baseline 0.009 -17"><span class='ocrx_word' id='word_1_259' title='bbox 132 3535 158 3603; x_wconf 90' lang='lat'>1)</span> <span class='ocrx_word' id='word_1_260' title='bbox 176 3530 279 3588; x_wconf 74' lang='lat' dir='ltr'>Aa&#39;irus</span> <span class='ocrx_word' id='word_1_261' title='bbox 294 3560 327 3580; x_wconf 96' lang='lat'>=</span> <span class='ocrx_word' id='word_1_262' title='bbox 342 3533 470 3590; x_wconf 70' lang='lat' dir='ltr'>(isumus.</span> 
     </span>
    </p>
   </div>
   <div class='ocr_carea' id='block_1_5' title="bbox 0 0 1174 3834">
    <p class='ocr_par' dir='ltr' id='par_1_5' title="bbox 0 0 1174 3834">
     <span class='ocr_line' id='line_1_36' title="bbox 0 0 1174 3834; baseline 0 0"><span class='ocrx_word' id='word_1_263' title='bbox 0 0 1174 3834; x_wconf 95' lang='lat' dir='ltr'> </span> 
     </span>
    </p>
   </div>
  </div>
 </body>
</html>
