2340 3834
97 157 163 224 344
382 159 548 215 ANARITH
566 159 823 214 connanraan

186 327 223 386 Si
240 347 324 388 vero
341 328 532 405 longitudo
551 327 766 403 superficiei
783 327 898 386 fuerit
910 326 1109 386 binomium

98 420 249 492 sextum,
282 417 361 492 quod
388 421 434 476 est
459 415 545 475 radix
572 418 615 477 20
642 420 673 476 et
698 416 784 476 radix
812 418 845 490 8,
876 420 948 474 tuna
975 415 1109 476 dividam

97 506 227 564 radicem
251 508 292 564 20
315 507 348 563 in
370 506 443 564 duas
465 508 566 582 partes
589 506 643 580 ita,
664 508 699 564 ut
721 507 761 564 sit
782 505 997 581 multiplicatio
1021 506 1111 564 unius

97 588 241 672 (earum)
268 595 301 653 in
330 596 456 654 alteram
483 595 549 654 duo.
595 594 663 653 Erit
688 595 790 670 itaque
812 613 873 652 nna
895 594 1026 653 duarum
1048 613 1107 653 sec-

71 683 214 741 ationum
245 684 329 742 radix
362 685 379 742 5
414 687 444 742 et
475 683 560 742 radix
587 685 621 757 3,
654 686 684 741 et
711 683 806 742 altera
832 682 918 741 radix
947 684 966 741 5
996 682 1108 758 absque

96 770 195 830 radice
225 773 253 830 3.
298 772 413 830 Harum
439 773 545 848 igitiur
570 771 655 829 radix
683 775 728 831 est
754 774 858 848 potens
887 789 979 847 supra
1008 790 1108 848 super·

96 859 200 919 ficiem.
253 860 324 936 Ipsa
359 880 488 936 namque
524 862 628 936 potens
666 863 711 919 est
747 879 836 936 supra
868 860 926 919 duo
958 860 1108 918 medialis.

98 946 183 1017 Quod
201 950 227 1008 si
246 949 409 1025 superficiei
428 948 583 1027 longitudo
601 949 680 1008 foret
692 949 844 1008 residuum
858 952 983 1024 sextum,
1003 951 1107 1024 potens

98 1055 187 1113 supra
210 1038 306 1113 ipsam
329 1041 406 1097 esset
429 1037 609 1113 superfluum
631 1038 791 1096 intereas.

58 1138 87 1177 1⁰
185 1126 350 1201 Postquam
381 1127 475 1204 igitur
505 1127 582 1185 hanc
613 1127 801 1201 premisimus
833 1144 994 1202 summam,
1031 1145 1107 1185 nunc

98 1214 303 1274 demonstrabo
332 1216 504 1290 sectionem,
532 1219 562 1273 et
589 1215 752 1274 describam
779 1233 917 1274 numeros
945 1216 978 1272 in
1005 1215 1107 1292 figmis

98 1302 257 1362 secundum
283 1305 532 1378 numerationem,
560 1322 617 1379 que
639 1305 777 1379 provenit
799 1323 833 1363 ex
856 1304 1107 1380 multiplicatione

98 1396 129 1451 et
150 1392 303 1452 divisione.

186 1480 298 1540 Linea
324 1483 453 1556 potens
481 1500 589 1556 supra
613 1500 747 1540 omnem
770 1482 1005 1556 superficiem
1028 1500 1107 1541 aon-

59 1582 84 1621 15
97 1573 234 1628 tentam
261 1588 279 1627 a
306 1570 403 1628 linea
429 1569 607 1628 rationali
635 1574 669 1630 et
696 1570 851 1629 binomia
879 1571 1009 1646 primo,
1041 1563 1107 1651 (hec

98 1677 224 1734 namque
252 1659 297 1716 est
322 1657 418 1734 figura
445 1651 550 1735 40⁸)1)
584 1661 638 1717 est
667 1659 862 1718 binomium
890 1659 1107 1733 absolutum,

99 1750 129 1805 et
150 1748 248 1821 ipsum
271 1749 316 1804 est
338 1745 434 1822 figura
458 1739 555 1827 2822)

188 1833 277 1892 Cuius
310 1834 488 1910 exemplum,
518 1839 561 1893 ut'
584 1837 624 1894 sit
655 1835 823 1911 superficies
854 1837 894 1909 bp
921 1839 1064 1896 contenta
1090 1854 1108 1894 a

98 1923 178 1980 linea¹
200 1923 354 2000 rationali,
378 1942 435 1998 que
459 1926 505 1982 est
527 1926 581 1999 ab,
605 1944 662 1999 que
686 1926 725 1982 sit
748 1927 768 1982 4
792 1944 827 1982 ex
848 1925 990 1999 numeris,
1014 1929 1044 1984 et
1065 1924 1106 1982 bi·

58 2011 197 2071 anomia
220 2012 329 2087 primo,
352 2012 432 2088 quod
456 2015 501 2071 est
524 2014 542 2071 6
568 2015 597 2070 et
618 2013 704 2071 radix
728 2016 782 2074 20:
810 2013 875 2072 dico
898 2014 1006 2091 igitur,
1030 2012 1105 2089 quod

98 2100 178 2159 linea
195 2102 300 2177 potens
320 2119 409 2176 supra
428 2101 613 2176 superficiem
632 2103 671 2175 by
689 2104 734 2160 est
750 2102 915 2161 binomium
929 2102 1104 2176 absolutum,

99 2189 178 2263 quod
200 2190 242 2248 sio
264 2190 415 2265 probatur.
456 2189 597 2248 Dividam
614 2208 742 2265 namquo
761 2209 802 2264 ap
819 2210 872 2266 per
892 2192 910 2248 6
931 2193 960 2249 et
978 2191 1105 2250 radicem

100 2279 156 2352 20,
183 2279 343 2337 secundum
370 2279 448 2353 quod
476 2279 667 2338 assuevimus.
716 2278 762 2336 Sit
787 2279 904 2354 itaque,
932 2298 967 2337 aa
997 2280 1022 2338 si
1048 2281 1104 2337 iam

99 2370 176 2425 esset
198 2367 294 2426 divisa
317 2385 407 2442 supra
429 2369 456 2426 d.
502 2367 552 2426 Fit
574 2387 644 2444 ergo
667 2368 757 2426 sectio
781 2370 838 2442 ad,
865 2387 922 2444 que
946 2372 993 2428 est
1017 2367 1103 2427 seatio

59 2467 84 2506 aa
98 2454 225 2532 longior,
249 2456 277 2529 6,
301 2457 331 2512 et
353 2457 404 2531 dy,
426 2475 483 2530 que
507 2459 552 2514 est
569 2455 686 2515 brevior
704 2457 804 2531 seatio,
826 2457 911 2514 radix
932 2459 983 2516 20.
1025 2455 1102 2514 Divi·

99 2541 168 2600 dam
191 2545 290 2601 autem
313 2544 355 2617 cip
376 2543 409 2601 in
432 2544 489 2602 duo
512 2544 611 2603 media
633 2563 722 2620 supra
746 2562 773 2618 a,
801 2548 831 2602 et
853 2544 987 2604 dividam
1011 2547 1054 2604 ad
1074 2544 1102 2600 in

99 2629 173 2688 duas
205 2631 348 2690 sectiones
378 2632 435 2707 ita,
466 2636 501 2691 ut
528 2633 567 2692 sit
593 2633 803 2708 multiplicatio
831 2635 918 2692 unius
947 2653 1049 2692 earum
1074 2633 1103 2689 in

100 2718 224 2777 alteram
243 2720 357 2794 equalis
376 2721 521 2794 quadrato
539 2722 707 2781 medietatis
726 2722 803 2779 linea
818 2723 867 2797 dp,
886 2722 918 2780 id
933 2725 979 2781 est
994 2720 1101 2798 equalis

100 2810 204 2881 quarte
227 2808 366 2884 quadrati
384 2809 476 2868 totius
498 2810 574 2869 linea
595 2813 651 2886 qd,
676 2830 732 2886 que
756 2813 801 2868 est
825 2811 851 2868 5.
897 2809 1103 2888 Multiplicabo

58 2907 85 2948 ³0
98 2894 190 2972 igitur
219 2898 236 2954 6
265 2898 296 2954 in
320 2914 363 2971 se,
392 2900 422 2956 et
444 2901 530 2956 erunt
553 2900 608 2973 363
637 2898 779 2975 accipiam
802 2901 902 2957 autem
926 2899 1103 2975 superfluum

170 3068 193 3118 8.
214 3061 305 3135 Quod]
325 3065 470 3129 Quoniam.

170 3244 196 3311 1)
216 3241 297 3310 Apud
316 3241 461 3297 Caurium
479 3243 512 3313 X,
531 3249 574 3299 42.
611 3244 683 3299 Vide
701 3263 727 3314 p.
744 3250 792 3298 331
813 3248 869 3300 not.
887 3252 910 3299 1.

169 3314 195 3381 2)
219 3311 349 3366 Enonmrs
372 3312 491 3367 Cannam
517 3315 554 3382 X,
573 3320 607 3368 48
631 3315 786 3385 <Hennaea
812 3316 850 3384 X,
870 3318 932 3385 54):
964 3315 997 3370 Si
1021 3314 1103 3382 suerit

96 3384 251 3452 superficies
265 3384 382 3438 binomia
396 3387 487 3453 prino
502 3386 626 3455 lineaque
638 3388 771 3441 rationali
784 3394 917 3454 contenta,
936 3388 1017 3453 latas,
1035 3384 1102 3456 qaod

76 3469 172 3580 &super
193 3473 254 3586 aa}
272 3462 376 3588 {giesi
404 3457 555 3514 binominn
573 3474 626 3513 esse
642 3474 745 3512 necessa
761 3465 809 3514 est.
828 3490 864 3499 -
887 3457 991 3527 Figura
1010 3463 1042 3511 28
1061 3457 1102 3510 est

97 3544 207 3586 mirer
251 3576 259 3604 ,
319 3577 324 3589 .
