2316 3840
104 171 168 234 124
389 167 555 223 ANARITII
572 166 828 224 COMMENTARH

102 343 237 399 centrum
260 338 362 397 oireuli
380 340 423 398 bd
444 339 548 397 notam
566 341 589 396 t:
609 337 673 396 dieo
692 356 762 416 ergo
780 341 861 413 tuno,
880 336 962 414 quod
978 339 1122 396 centrum

101 424 154 507 <t>
190 447 249 487 non
286 427 366 485 eadit
402 429 486 486 extra
522 425 665 485 eirouium
697 446 746 501 ap.
802 425 860 486 Sed
891 429 993 485 tamen
1026 426 1123 486 fuerit

102 516 256 593 possibile,
287 520 322 574 ut
354 516 455 590 eadat,
487 515 566 574 sieut
597 515 680 574 dixit.
733 515 814 593 Ergo
846 516 1026 593 coniungam
1060 516 1122 575 duo

102 609 214 682 puneta
231 606 250 664 t
269 609 299 664 et
317 609 335 673 t,
360 624 416 681 que
435 608 505 665 sunt
523 606 633 678 centra,
655 622 722 663 eum
738 605 820 663 linea
837 605 879 663 tt.
921 604 1122 663 Manifestum

75 698 147 754 sest
169 696 274 770 itaque
297 693 459 753 seeundum
480 692 688 770 probationem
709 693 805 770 figure
825 695 880 752 11θ
902 693 989 752 huius
1010 694 1121 768 partis,

103 783 184 859 quod
206 783 285 840 linea
305 784 348 858 tt,
372 802 438 842 oum
460 781 653 858 protrahatur
674 781 707 838 in
728 785 871 858 utrasque
892 784 993 859 partes
1021 801 1122 859 usque

102 873 135 931 in
155 872 317 948 infinitum,
339 872 425 931 cadet
447 890 538 947 supra
560 869 618 928 duo
640 874 752 945 puncta
775 875 940 945 contaetus,
965 890 1024 946 que
1050 875 1122 930 sunt

102 965 214 1036 puncta
237 980 257 1019 o
280 963 310 1019 et
325 980 357 1035 93
382 963 412 1019 et
433 959 608 1036 protraham
629 959 732 1035 itaque
755 979 829 1019 eam.
871 959 951 1037 Ergo
974 959 1011 1018 fit
1030 960 1122 1018 huius

103 1050 180 1108 lineo
202 1051 284 1109 loeus
307 1050 384 1109 sieut
406 1053 452 1109 est
473 1050 555 1107 loeus
577 1048 655 1106 linee
678 1049 767 1123 attp.
809 1043 889 1126 <Sed
911 1048 991 1106 linea
1017 1046 1123 1129 utiq>

63 1142 184 1198 resecat
216 1139 358 1198 oireulum
386 1158 428 1213 ay
459 1157 550 1214 supra
581 1139 669 1195 notas
699 1137 799 1213 plures
831 1136 961 1211 duabus,
994 1140 1027 1196 et
1060 1139 1124 1198 iam

103 1229 295 1286 manifestum
327 1230 384 1302 est,
416 1227 492 1285 illud
524 1244 586 1285 esse
617 1224 813 1301 impossibile:
845 1245 906 1286 non
938 1245 1009 1303 ergo
1040 1228 1124 1286 eadit

103 1320 237 1376 eentmm
273 1316 377 1375 oireuli
409 1317 451 1374 bd
486 1317 570 1374 extra
602 1314 744 1373 eireulum
776 1333 826 1388 op.
881 1314 923 1373 Et
954 1316 1125 1375 seeundum

103 1406 191 1465 huius
211 1405 437 1464 similitudinem
456 1408 552 1464 osten·

104 1495 182 1569 dam,
201 1494 280 1571 quod
294 1513 354 1553 non
368 1494 450 1552 eadit
463 1512 554 1568 supra
828 1503 853 1539 w

64 1599 90 1637 15
104 1603 208 1642 areum
226 1602 295 1657 ary.
336 1582 368 1641 si
391 1601 461 1659 ergo
485 1601 554 1658 pos-

104 1673 189 1731 sibile
200 1675 245 1730 est
255 1673 306 1746 sio,
318 1671 398 1730 sitin
408 1675 554 1747 punotoz.

104 1762 185 1838 Ergo
204 1760 285 1818 linea
304 1762 391 1834 atro
409 1763 456 1819 est
474 1760 554 1818 linea

103 1869 164 1907 una
186 1852 267 1907 reeta
291 1852 321 1908 et
344 1853 426 1909 seeat
444 1849 554 1908 oiroon·

103 1938 262 1997 ferentium
281 1938 384 1997 circuli
403 1957 445 2012 ap
465 1956 555 2013 supra
594 1981 613 2030 b

65 2042 90 2080 20
105 2030 192 2086 notas
214 2029 315 2103 plures
342 2028 471 2102 duabuS,
499 2027 554 2085 sei-

103 2116 174 2176 lioet
201 2135 291 2191 supra
318 2119 405 2176 notas
435 2135 455 2174 o
482 2118 513 2173 et
539 2134 555 2175 a

105 2210 135 2264 et
154 2225 181 2280 9.
238 2205 295 2264 Sed
322 2205 399 2264 illud
427 2208 472 2264 est
499 2205 554 2262 im·

104 2295 254 2370 possibile,
278 2314 348 2371 ergo
370 2293 554 2370 impossibile

106 2386 159 2458 est,
181 2387 217 2442 ut
240 2383 328 2441 eadat
347 2385 480 2442 centrum
499 2383 554 2442 eir·

65 2485 91 2525 25
105 2472 165 2529 euli
196 2473 284 2545 ebpd
320 2491 412 2547 supra
444 2471 554 2531 eireon·
816 2481 845 2534 8

105 2561 264 2618 ferentium
292 2560 395 2618 eireuli
422 2578 498 2635 azy,
530 2563 560 2618 et

105 2650 166 2708 iam
185 2648 366 2707 ostendimus
385 2650 484 2724 etiam,
508 2650 587 2725 quod
605 2667 665 2705 non
688 2647 769 2706 eadit
801 2651 884 2706 extra
912 2648 1029 2726 ipsum,
1054 2671 1129 2732 ergo

106 2738 187 2797 eadit
208 2737 289 2795 intra
307 2737 415 2812 ipsum,
438 2738 514 2796 sieut
533 2738 608 2796 dixit
625 2738 793 2811 ducturas,
817 2740 847 2795 et
865 2737 941 2794 illud
961 2741 1017 2814 est,
1043 2743 1129 2816 quod

107 2827 308 2885 demonstrare
330 2819 517 2904 voluimua.¹)

66 2931 93 2968 ao
195 2916 314 2974 Ymuue
356 2919 455 2975 autem
495 2917 615 2992 figure
650 2905 736 2994 13⁰²)
769 2913 884 2972 addidit
917 2918 946 2973 et
980 2919 1130 2996 ostendit,

178 3091 203 3139 4.
218 3101 282 3137 oum
294 3082 371 3137 linea
385 3086 425 3140 bis
440 3087 545 3156 tupiter.
561 3117 594 3126 -—
610 3091 634 3140 8.
648 3084 746 3152 itaque
760 3100 801 3138 ea.
817 3115 852 3124 -
867 3088 909 3138 16.
923 3082 1020 3158 sitin]
1037 3087 1089 3143 Set
1104 3107 1129 3146 c.

179 3265 205 3332 1)
222 3263 255 3316 in
274 3262 511 3316 demonstratione
529 3261 665 3316 Euclidea
684 3264 758 3316 certe
776 3278 833 3316 uon
852 3259 956 3315 dicitur
969 3263 1130 3334 utrumque

107 3336 234 3387 centrum
252 3333 327 3386 intra
345 3335 493 3401 utrumque
512 3332 646 3386 circulum
665 3333 750 3387 situm
769 3349 798 3386 es
832 3377 837 3387 .

178 3403 424 3474 2)Eucn1onsIII‚
445 3411 477 3457 13
497 3407 564 3474 (14):
597 3405 678 3459 Recte
701 3406 770 3459 lineo
793 3349 944 3458 &circulo
967 3405 993 3458 ai
1017 3407 1131 3474 fuerint

106 3478 227 3544 equales,
254 3493 299 3531 eos
327 3493 345 3530 a
372 3482 461 3530 centro
488 3477 667 3545 equidistare,
694 3483 719 3531 et
741 3477 767 3530 si
789 3494 807 3530 a
829 3481 919 3530 aeneo
942 3477 1130 3550 equitarunt,

94 3549 209 3613 equales
225 3565 283 3604 esre
299 3565 404 3605 neeesse
423 3553 468 3605 est.
