2340 3834
379 166 429 220 AD
447 166 634 222 EUOLIDEM
652 167 718 224 LIB.
733 167 766 223 X.
1013 169 1078 234 379

64 356 135 415 ergo
162 331 372 415 <superficies>
400 337 438 396 Ιθε
464 338 497 394 in
519 337 560 410 leq
582 339 627 395 θεὴ
648 337 813 396 rationalis.
858 337 898 396 Et
920 338 1011 397 etiarn
1034 338 1078 396 ad
1148 368 1152 377 ·

65 430 111 486 est
132 426 288 485 rationalis
314 427 345 484 in
367 427 504 502 potentia
527 428 557 485 et
579 425 746 502 seiungitur
769 428 810 485 ab
828 427 860 485 in
878 426 1077 504 longitudine:

65 534 135 593 ergo
164 517 206 574 bd
233 519 278 574 est
300 515 444 574 medialis.
491 513 550 573 Sed
572 513 638 590 ipsa
660 517 706 574 eet
729 515 842 590 equalis
866 514 980 576 duobus
1004 534 1076 591 qua-

64 605 158 663 dratis
181 605 232 678 ts,
257 606 298 678 kq
320 604 497 664 coniunctis:
526 622 595 681 ergo
619 601 678 661 duo
702 603 850 678 quadrata
872 605 922 678 rs,
945 606 987 679 kq
1009 623 1076 664 con·

37 733 46 755 .
64 695 168 752 iuncta
190 697 260 753 sunt
282 694 416 753 mediale.
458 693 538 770 Ergo
561 710 599 766 sq
621 694 667 751 θεὴ
688 691 728 767 id,
751 692 831 768 quod
852 692 985 752 iunctum
1008 712 1076 752 cum
1103 706 1116 747 θ

62 783 205 841 rationali
227 783 301 842 facit
321 785 421 842 totum
443 781 579 854 mediale,
602 783 632 839 et
654 781 721 855 ipsa
743 785 843 857 potest
861 800 950 857 supra
969 783 1021 857 1193
1045 783 1076 841 θὴ

62 870 140 929 illud
163 874 216 946 θεὴ,
238 871 319 947 quod
341 871 542 931 demonstrare
565 870 724 928 voluimus.

151 959 263 1018 Linea
299 979 407 1037 supra
442 959 675 1035 superficiem
712 978 731 1017 a
766 959 865 1017 linea
896 959 1075 1019 rationali

61 1052 268 1109 contentam
300 1052 335 1109 et
365 1049 508 1109 residuo
536 1049 636 1108 sexto
664 1050 790 1123 potens
819 1050 875 1107 θεὴ
901 1047 950 1123 id,
982 1047 1074 1124 quod

61 1156 139 1196 cum
161 1138 310 1196 mediali
332 1140 492 1197 iunctum
515 1137 606 1195 facit
627 1139 745 1196 totum
768 1130 960 1214 mediale.1)
1088 1151 1115 1192 ic

150 1227 241 1285 Verbi
264 1229 363 1305 gratia
385 1229 425 1287 sit
448 1225 615 1302 superficies
635 1227 674 1300 by
692 1229 831 1286 contenta
849 1246 868 1285 a
885 1227 966 1285 linea
982 1228 1074 1286 ratio·

61 1316 137 1389 nali,
169 1335 226 1391 que
259 1320 304 1376 θεὴ
331 1319 385 1391 ab,
418 1319 448 1376 et
474 1315 592 1375 residuo
620 1317 717 1390 sexto,
749 1315 827 1391 quod
854 1316 895 1375 sit
922 1334 975 1390 ay:
1008 1316 1074 1374 dice

60 1405 167 1482 igitur,
198 1405 277 1481 quod
309 1405 390 1464 linea
420 1408 526 1482 potens
558 1422 648 1479 supra
680 1406 720 1479 tq
752 1407 797 1464 θεὴ
823 1403 868 1479 id,
899 1404 979 1480 quod
1007 1423 1071 1463 cum

58 2587 179 2647 mediali
205 2590 339 2649 iunctum
366 2591 440 2650 facit
460 2594 560 2651 totum
582 2592 722 2667 mediale‚
749 2592 829 2669 quod
852 2596 894 2654 sic
916 2594 1068 2670 probatur.

58 2673 216 2736 Reiterabc
240 2680 319 2737 enim
342 2678 414 2740 duas
438 2681 605 2756 superficies
628 2701 696 2741 cum
718 2684 797 2742 notis
821 2685 891 2743 suis.
931 2683 980 2742 Sit
998 2697 1109 2762 erg015

58 2765 102 2822 cd
127 2765 213 2824 radix
241 2769 296 2842 20,
324 2771 354 2827 et
378 2770 424 2843 qd
450 2771 490 2829 sit
516 2770 601 2828 radix
629 2772 661 2845 83
690 2775 721 2830 et
748 2790 787 2831 cc
814 2774 855 2831 sit
880 2773 965 2831 radix
995 2774 1013 2832 5
1039 2776 1069 2832 et

56 2852 142 2911 radix
171 2855 206 2930 3,
234 2858 264 2914 θὴ
291 2856 458 2933 superficies
487 2863 521 2917 at
548 2861 589 2918 sit
615 2859 700 2918 radix
728 2860 770 2919 80
794 2863 824 2919 θὴ
846 2860 931 2919 radix
954 2863 1009 2934 483
1038 2865 1068 2921 et

55 2939 137 3001 linea
164 2945 204 3004 dc
231 2945 271 3004 sit
297 2945 382 3004 radix
411 2950 429 3007 5
459 2947 568 3023 absque
596 2948 695 3008 radice
723 2950 756 3024 3,
785 2953 815 3008 et
841 2950 1009 3026 superficies
1033 2952 1068 3010 id

129 3152 171 3204 16.
190 3151 220 3202 θὴ
237 3150 287 3221 aa]
307 3153 403 3206 etad.

128 3347 153 3414 1)
172 3343 302 3399 Euccmre
318 3345 437 3400 Cannam
450 3347 483 3416 X,
499 3353 531 3402 91
551 3348 706 3418 (Hamaaen
719 3347 753 3417 X,
764 3351 821 3419 96):
847 3350 880 3405 Si
894 3351 967 3405 lima
980 3352 1065 3406 ratic·

53 3415 117 3469 aare
132 3417 293 3486 reaidccqcr
310 3424 384 3472 cacto
401 3421 555 3488 superficies
572 3421 754 3487 coemeter,
772 3422 847 3476 tctcca
862 3422 1088 3494 triremem,

54 3487 129 3553 quod
145 3503 228 3556 cuper
245 3505 305 3542 eam
316 3495 418 3558 poteri,
442 3508 504 3547 rum
526 3492 643 3548 mediati
667 3493 843 3549 concretae
863 3496 960 3544 tetram
978 3479 1108 3536 meante

51 3571 110 3611 care
123 3560 316 3626 comprobatur.
