2340 3834
87 257 152 320 220
374 255 538 310 ANARITII
556 254 813 311 COMMENTARII

176 425 276 494 Quod
308 428 337 486 si
369 447 437 487 non
469 427 583 485 fucrit
613 425 803 502 proportio
837 425 1146 500 quadratoruiQ.

88 517 130 574 ad
162 516 316 574 invicem
343 516 437 574 sicut
464 516 653 591 proportio
685 515 822 572 numeri
851 514 1020 590 quadrati
1049 525 1137 585 ad·

88 625 270 663 numerum
294 605 521 680 quadratum,
548 605 667 663 latera
690 623 809 662 eorum
838 606 943 662 erunt
965 603 1125 667 incon.

87 693 310 752 municantia
337 694 373 751 in
400 693 638 770 longitudine.
686 693 828 751 Probatio
853 693 929 768 ciue,
957 692 1115 768 quoniam

61 799 147 842 onon
171 785 216 840 est
238 783 390 858 possibile,
414 786 448 841 ut
472 783 511 841 sit
534 782 629 841 aliter.
676 782 763 851 Quod
786 783 811 840 si
833 783 926 841 fuerit
948 781 1108 862 possibile,
1159 829 1170 854 ,

89 873 148 930 sint
175 872 271 930 latera
300 872 513 947 quadratorum
541 892 572 947 a,
596 874 616 930 b
645 875 676 930 et
703 873 763 930 sint
790 870 1038 929 communicantia
1068 873 1098 930 in
1148 863 1161 940 a

89 961 283 1037 longitudine.
326 960 384 1018 Sed
408 960 629 1035 quadratorum⁴
644 961 682 1018 ad
704 961 832 1019 invicem
854 958 1016 1035 proporti0,
1039 977 1092 1034 que
1139 971 1155 1022 ii
1167 1013 1170 1024 .

88 1049 164 1108 fiunt
189 1070 224 1108 ex
246 1050 332 1108 lincis
355 1049 516 1109 communi-
1137 1052 1151 1061 ”

90 1139 224 1197 cantibus
259 1141 290 1196 in
321 1137 517 1215 longitudine,
753 1131 920 1199 quadratum
939 1147 957 1181 a

50 1245 76 1284 10
90 1231 135 1286 est
145 1228 221 1286 sicut
233 1227 387 1303 proportio
401 1227 517 1284 numeri

90 1317 229 1393 quadrati
279 1317 317 1374 ad
362 1335 517 1373 numerum
757 1308 957 1377 quadratum

90 1408 278 1482 quadratum,
290 1406 367 1463 sicut
378 1407 423 1462 est
431 1403 516 1479 illud,

90 1497 169 1570 quod
210 1498 255 1552 est
294 1496 445 1551 ostensum
485 1493 517 1550 in

113 1585 241 1642 sectione
273 1583 370 1658 prima
401 1582 489 1639 huius
939 1656 941 1661 Ι
1129 1608 1148 1638 ι·

50 1688 75 1728 15
89 1673 196 1750 figure:
230 1690 300 1747 ergo
333 1672 486 1745 proportio
516 1671 656 1746 quadrati
683 1690 703 1729 a
735 1672 773 1729 ad
800 1671 983 1747 quadratum
1010 1672 1026 1728 b
1053 1674 1088 1729 est
1131 1689 1165 1731 r·

91 1762 168 1819 sicut
180 1760 335 1835 proportio
354 1761 468 1817 numeri
483 1761 623 1834 quadrati
642 1760 680 1817 ad
694 1780 850 1818 numerum
865 1756 1088 1838 (quadratum).
1132 1764 1150 1822 si
1167 1779 1170 1801 ¹

92 1849 149 1907 Sed
182 1849 273 1906 etiam
305 1848 364 1906 fuit
390 1850 544 1923 proportio
572 1850 659 1907 unius
688 1868 791 1907 eorum
818 1849 857 1906 ad
884 1850 1013 1906 alterum
1040 1867 1090 1906 non
1134 1873 1158 1910 ιι

91 1938 167 1995 sicut
190 1937 343 2012 propo1tio
367 1939 484 1995 numeri
507 1938 646 2012 quadrati
670 1938 708 1995 ad
731 1958 886 1995 numerum
905 1937 1092 2012 quadratum:
1134 1947 1144 2002 i

91 2026 146 2085 hoc
176 2027 277 2083 autem
304 2029 349 2084 est
375 2026 566 2102 impossibile.
613 2025 832 2094 Quadratorum
856 2046 939 2103 ergo,
974 2046 1092 2101 quorun
1136 2052 1145 2090 1

51 2132 77 2170 ao
90 2115 243 2190 proportio
275 2133 335 2172 non
368 2117 413 2173 est
445 2116 522 2173 sicut
552 2115 706 2191 proportio
743 2116 857 2172 numeri
891 2115 1033 2190 quadrati
1063 2113 1094 2172 ad
1138 2171 1141 2178 ,

91 2224 246 2262 numerum
270 2204 460 2279 quadratum,
483 2204 578 2262 latera
597 2223 657 2263 non
676 2205 795 2262 suntin
814 2203 1004 2280 longitudine
1026 2223 1093 2263 com·

90 2293 287 2366 municantia3
311 2297 341 2350 et
364 2294 439 2351 illud
462 2296 514 2368 est,
539 2292 618 2368 quod
641 2292 842 2351 demonstrare
866 2293 1028 2352 voluimus.

181 2381 255 2441 Oum
278 2382 363 2440 dicit:
386 2383 444 2457 „in
467 2379 729 2458 longitudine“,
751 2383 826 2456 uuit,
849 2385 884 2439 ut
906 2383 1007 2439 latera
1032 2401 1093 2458 qua·

92 2472 245 2529 dratorum
276 2471 497 2548 intelligantur3
535 2473 564 2528 et
596 2490 664 2527 cum
696 2469 781 2527 dicit:
813 2470 871 2545 „in
903 2469 1095 2544 potentia“,

52 2575 77 2614 25
90 2562 156 2618 vult
178 2559 307 2634 intelligi
331 2560 477 2634 quadrata
499 2560 655 2618 linearum.

179 2648 228 2705 De
250 2647 371 2723 figura
394 2641 520 2724 nona.¹)

179 2736 215 2792 In
247 2736 393 2812 principio
425 2737 610 2812 probationis
642 2736 717 2794 dixit
749 2728 957 2816 Euonmrs²):
998 2753 1097 2814 „ergo

91 2827 273 2882 mensuret
296 2843 354 2882 eas
379 2823 597 2899 quantitas“,
621 2828 651 2882 et
673 2845 732 2883 non
756 2825 844 2882 dixit:
874 2844 984 2902 „ergo
1012 2826 1097 2885 acci·

92 2914 228 2988 piemus
252 2913 302 2970 eis
327 2914 569 2988 quantitatem
592 2933 806 2972 communem
831 2911 911 2987 eis“‚
935 2916 1021 2988 quod
1038 2915 1098 2973 ideo

53 3020 78 3058 ao
93 3002 173 3076 fecit,
196 3003 338 3076 quoniam
360 3022 419 3060 non
439 3002 598 3078 accipimus
618 3003 819 3078 quantitatem
838 3022 1030 3062 communem
1048 3002 1097 3062 nisi

166 3178 205 3225 14.
226 3171 308 3224 huius
327 3171 418 3240 prima
437 3171 527 3225 huius

165 3355 190 3420 1)
212 3350 347 3404 Eucmnus
366 3350 403 3419 X,
423 3357 438 3403 9
458 3350 609 3419 (Cumanus
628 3349 715 3416 idem,
739 3349 906 3401 Harunuums
926 3348 966 3417 X,
990 3354 1050 3421 15):
1076 3349 1100 3403 Si

92 3424 197 3489 fuerint
215 3424 267 3476 dae
285 3424 449 3491 quantitates
463 3423 697 3486 couzmaaa‘caates,
715 3426 800 3474 totam
814 3435 917 3487 qaoque
936 3437 971 3473 ea
992 3425 1034 3478 cis
1047 3438 1098 3478 coa

83 3497 190 3560 sectam
213 3494 322 3562 utrique
345 3511 438 3547 earam
461 3494 512 3547 erit
534 3492 741 3546 communicares.
780 3491 811 3544 Si
829 3506 890 3543 cero
913 3490 1006 3556 licerit
1024 3501 1099 3551 toan

76 3568 193 3636 utrique
212 3566 469 3633 coraaaaasarabite,
486 3570 566 3619 cruat
584 3563 658 3617 ambe
676 3561 931 3616 commensurabiles.

144 3642 173 3709 2)
191 3640 314 3714 ,saque
334 3659 436 3698 earam
456 3638 610 3696 commanis
628 3650 756 3690 mansura
774 3633 820 3685 d‘.
