2340 3834
105 163 170 228 380
391 164 558 218 ANARITII
576 162 833 219 COMMENTARII

104 334 144 391 sit
174 333 260 391 radix
293 333 335 391 80
368 332 479 407 absque
510 334 610 391 radice
642 334 698 408 48,
731 337 761 392 et
788 351 966 408 unaqueque
996 331 1120 392 duarum

104 421 251 480 linearum
280 439 320 494 qo
353 425 383 479 et
415 423 454 481 ed
485 422 526 481 sit
556 420 641 481 radix
670 424 703 498 2,
735 425 766 480 et
787 440 966 498 unaqueque
996 421 1118 480 duarum

104 510 325 585 superficierum
352 505 427 588 (qb,
453 507 518 590 bd>
545 512 585 571 sit
611 510 697 569 radix
724 513 780 586 32,
808 514 838 570 et
861 529 931 570 area
953 511 1121 586 superficiei

105 600 145 657 sit
167 599 252 657 radix
278 599 351 674 180,
374 602 405 658 et
428 619 497 658 area
520 600 660 676 quadrati
682 601 723 659 sit
745 599 830 658 radix
854 601 896 660 80
916 602 946 658 et
964 599 1052 658 radix
1072 601 1121 659 48.

79 688 146 746 sus
173 687 330 763 disponam
356 689 607 764 quemadmodum
633 689 767 766 disposui
794 707 873 764 eam,
901 707 960 764 que
985 692 1031 748 est
1055 693 1144 752 ante.

105 778 210 852 ipsam.
256 777 312 836 Est
340 796 410 855 ergo
437 796 475 852 sq
497 781 603 854 potens
626 796 717 853 supra
740 779 792 852 b93
819 781 850 836 et
872 778 922 852 bs,
949 779 994 851 leq
1015 778 1048 836 in
1071 797 1122 854 po·

105 866 201 924 tentia
233 869 302 924 sunt
333 865 630 940 incommunioantes‚
664 869 694 925 et
725 865 783 925 duo
817 866 966 942 quadrata
998 868 1050 943 ks,
1083 869 1122 941 tq

107 955 264 1013 ooniunota
288 958 358 1013 sunt
379 955 515 1030 mediale,
538 957 569 1013 et
591 955 716 1031 duplum
737 957 776 1015 bs
797 955 829 1013 in
851 957 893 1029 leq
915 958 962 1014 est
979 956 1123 1030 mediale3

109 1047 139 1102 et
161 1046 206 1103 ad
224 1045 455 1102 incommunieat
473 1046 516 1119 dy
532 1045 564 1102 in
582 1044 781 1122 longitudine:
806 1062 876 1122 ergo
895 1046 937 1103 bd
956 1046 1124 1122 seiungitur

67 1145 92 1183 10
107 1133 153 1205 df.
205 1131 263 1190 Sed
296 1135 338 1192 bd
366 1135 412 1191 est
438 1133 552 1209 equalis
581 1134 694 1192 duobus
721 1133 875 1209 quadratis
902 1135 954 1208 ks,
986 1135 1028 1208 loq
1056 1152 1122 1192 eon·

106 1221 223 1297 iuuetis,
249 1223 279 1279 et
302 1223 345 1295 df
363 1225 408 1280 est
430 1224 544 1297 equalis
568 1222 658 1298 duplo
681 1223 719 1281 bs
741 1223 773 1279 in
794 1223 848 1296 leq:
871 1240 942 1300 ergo
967 1221 1026 1280 duo
1051 1241 1121 1298 qua·

106 1310 193 1368 drata
216 1311 262 1385 bs,
286 1311 327 1383 tq
350 1310 506 1369 coniuncta
525 1311 721 1388 seiungimtur
739 1311 829 1386 duplo
847 1312 887 1369 les
903 1311 935 1368 in
955 1311 1005 1384 kq.
1042 1313 1122 1389 Ergo

106 1417 144 1471 sq
167 1402 212 1458 est
234 1398 274 1475 id,
298 1399 377 1474 quod
400 1400 589 1458 ooniunetum
612 1420 679 1458 eum
701 1399 823 1458 mediali
844 1399 919 1458 fauit
941 1401 1042 1458 totum
1064 1419 1122 1458 me

106 1487 198 1562 diale‚
230 1491 260 1545 et
289 1487 355 1564 ipsa
383 1492 428 1548 est
454 1492 559 1565 potens
588 1508 678 1565 supra
706 1491 757 1563 b93
791 1492 821 1546 et
847 1488 923 1546 illud
951 1491 1010 1563 est,
1044 1489 1122 1565 quod

68 1591 93 1631 15
111 1577 311 1635 demonstrare
335 1576 491 1637 voluimus.

196 1665 296 1741 Usque
325 1667 364 1723 ad
390 1666 469 1725 huno
495 1666 594 1725 looum
621 1666 690 1724 libri
718 1665 933 1726 deelaravimus
966 1666 1030 1724 iam
1062 1685 1121 1725 esse

109 1773 159 1812 sex
194 1754 355 1828 linearum,
392 1758 421 1812 et
458 1755 673 1814 coniunctionis
711 1773 826 1830 earum,
863 1758 893 1812 et
924 1756 1119 1831 separationis

109 1860 223 1916 earum,
251 1845 281 1899 et
303 1842 438 1901 radicum
462 1862 576 1917 earum,
604 1847 634 1902 et
657 1863 707 1902 sex
729 1843 874 1918 binomia,
899 1846 929 1901 et
954 1863 1057 1902 eorum
1078 1864 1119 1901 re-

108 1931 202 2004 sidua,
226 1933 257 1988 et
279 1931 449 2007 superficies
473 1950 582 1990 eorum.
623 1933 710 1991 Nune
733 1950 803 1992 vero
827 1932 1032 1992 ordinabimus
1056 1951 1119 1991 oon·

68 2035 94 2074 ao
108 2020 209 2078 iuncta
237 2023 267 2078 et
294 2023 433 2096 separata
462 2024 492 2078 et
518 2021 632 2080 radioes
655 2021 687 2080 in
709 2021 774 2079 loeo
797 2039 856 2079 uno
878 2021 937 2097 ita,
965 2025 1000 2080 ut
1023 2021 1119 2081 sensui

107 2109 292 2183 subiaceant,
324 2112 354 2167 et
385 2114 453 2185 post
484 2110 539 2168 hoe
572 2112 784 2186 consequenter
816 2109 1020 2169 ordinabimus
1053 2130 1115 2170 eon·

107 2198 272 2257 versionem
293 2217 343 2256 sex
361 2199 590 2275 superficierum,
613 2220 669 2275 que
688 2202 900 2275 precessenmt.
942 2199 1002 2258 Hie
1021 2202 1116 2258 autem

108 2287 179 2346 ordo
207 2289 264 2345 erit
292 2288 452 2346 seeundum
478 2289 726 2362 numerationem,
760 2287 922 2346 seeundum
950 2289 1031 2364 quod
1057 2306 1116 2365 pre

109 2377 209 2449 sossii,
237 2379 267 2433 et
293 2377 441 2435 reiterabo
468 2375 544 2435 illud
571 2376 733 2435 secundum
761 2376 894 2435 ordinem
922 2397 1115 2437 numerorum.

106 2581 300 2703 1111111ἓῃὲὃο]
330 2586 371 2634 20.
400 2613 434 2620 -
463 2586 505 2636 21.
534 2580 721 2649 consequitur.
750 2613 784 2622 —
815 2587 857 2636 23.
885 2581 1115 2651 numerationem]
