2340 3834
412 164 784 224 maronitanensi
861 245 867 258 ⁸
1062 166 1103 230 41

87 359 125 397 ex
155 338 214 413 eis,
247 357 303 414 que
331 339 475 413 premissa
502 341 572 396 sunt
600 339 630 396 et
657 351 807 412 concessa,
840 357 896 413 que
930 337 1107 412 quandoque

87 427 149 486 erit
174 447 210 484 ex
234 427 285 502 eis,
308 446 366 502 que
388 427 518 502 primum
540 427 751 503 intelliguntur
774 426 805 484 in
827 427 956 500 ratione,
985 428 1015 483 et
1039 430 1107 484 sunt

87 516 256 584 secundum
282 518 420 574 naturam
448 517 632 591 antiquiora,
664 518 694 573 et
721 519 792 574 tuno
819 518 943 574 vocatur
970 514 1107 590 probatio

89 605 252 679 veraciter,
284 605 360 662 sicut
386 604 523 679 probatio
555 605 649 678 prime
681 604 789 681 figure,
821 605 964 679 quoniam
996 603 1108 676 circuli,

93 713 221 769 quorum
253 693 344 768 lineo,
376 713 435 768 que
466 693 683 768 protrahuntur
715 711 732 750 a
765 693 872 752 centris
904 694 1039 768 ipsorum
1071 691 1108 749 ad
1135 701 1147 742 5

92 781 335 841 circonferentias
358 782 501 856 ipsorum,
521 784 675 857 equantur,
699 784 769 839 sunt
792 783 920 856 equuleo,
944 786 974 840 et
997 801 1031 838 ex
1053 782 1109 839 hac

91 872 228 930 oratione
255 871 487 946 demonstratur,
515 870 594 945 quod
623 871 772 946 quesitum
801 871 832 927 in
859 872 915 930 hac
942 871 1050 947 figura3
1080 872 1109 927 et

91 960 220 1031 circulus
245 962 290 1023 est
313 960 465 1034 antiquior
487 960 647 1036 triangulo.
693 960 733 1017 Et
756 960 787 1016 in
810 960 935 1018 scientia
962 962 1019 1018 erit
1041 978 1107 1034 pro-

88 1049 165 1107 bare
189 1067 224 1106 ex
253 1049 308 1128 eis,
338 1068 395 1123 que
423 1067 482 1106 non
510 1050 579 1106 sunt
606 1068 660 1122 per
687 1067 717 1106 se
739 1051 823 1123 nota,
852 1049 929 1107 sicut
952 1055 1019 1107 cum
1041 1068 1108 1124 pro-

89 1137 196 1213 batur,
224 1137 304 1212 quod
332 1155 432 1196 omnes
460 1137 563 1213 anguli
594 1136 739 1212 trianguli
770 1136 885 1196 duobus
917 1139 1005 1196 rectis
1038 1140 1147 1196 sunt1⁰

89 1227 224 1301 equaleS,
247 1227 277 1284 et
295 1227 408 1301 postea,
431 1225 510 1300 quod
529 1243 629 1284 omnes
648 1225 750 1302 anguli
769 1226 864 1284 omnis
882 1226 1021 1301 quadrati
1039 1228 1108 1285 sunt

89 1315 215 1390 equales
239 1317 367 1389 quatuor
388 1315 486 1372 rectis.
532 1312 616 1382 Quod
638 1333 697 1372 non
716 1315 752 1371 ob
774 1314 858 1372 aliud
875 1315 1019 1390 probatur
1041 1313 1108 1388 nisi,

89 1403 177 1479 quod
190 1421 276 1461 omne
291 1403 470 1478 quadratum
484 1402 627 1461 dividitur
640 1403 671 1460 in
687 1403 759 1462 duos
773 1405 947 1481 triangulos.
977 1404 1107 1473 Quadra-

87 1497 159 1551 tum
182 1493 262 1549 enim
284 1493 447 1550 necessarie
471 1494 516 1550 est
538 1494 607 1567 post
629 1492 820 1567 triangulum.
828 1487 852 1570 1)

185 1579 380 1640 Conclusio
405 1583 450 1639 est
467 1581 596 1639 reversio
614 1581 834 1656 propositionis,
858 1582 935 1640 sicut
953 1583 979 1640 si
998 1581 1146 1640 dicere-15

87 1674 156 1729 tur:
185 1669 394 1750 „Manifestum
417 1672 474 1744 est,
502 1669 581 1744 quod
608 1688 709 1727 omnes
736 1672 796 1728 tres
824 1671 928 1747 anguli
951 1671 1107 1731 cuiuslibet

87 1758 240 1835 trianguli
266 1760 335 1817 sunt
363 1759 482 1833 equales
511 1757 623 1816 duobus
651 1758 739 1817 rectis
763 1757 906 1835 angufisf‘
952 1760 1108 1818 Diceretur

89 1867 165 1924 ergo
194 1847 409 1920 confirmative,
442 1847 582 1922 quoniam
609 1848 768 1921 probatum
795 1850 852 1922 est,
880 1848 1003 1924 ideoque
1032 1850 1106 1908 nihil

90 1936 215 1996 additur
239 1937 266 1994 ei
288 1935 358 1994 nisi:
383 1955 470 2012 „ergo
493 1936 590 2013 figura
612 1935 710 2010 vera“,
733 1937 763 1994 id
787 1940 831 1995 est
854 1939 1009 2012 completa.

183 2025 314 2083 Perfecti
332 2025 458 2099 quedam
481 2025 666 2099 complentur
684 2044 751 2082 cum
769 2026 815 2083 his
835 2044 893 2099 sex,
916 2030 946 2084 et
964 2029 1022 2085 alie
1041 2045 1108 2085 cum
1121 2032 1147 2071 20

91 2113 234 2189 quinque,
258 2114 334 2172 sicut
356 2113 452 2190 figura
475 2117 583 2188 quarta
606 2115 699 2188 prime
717 2114 820 2189 partis.
865 2114 934 2172 Non
953 2118 1031 2174 enim
1049 2117 1108 2174 fuit

90 2203 124 2261 in
146 2222 180 2259 ea
198 2203 397 2271 necessarium
415 2221 496 2277 opus.
542 2203 583 2261 Et
601 2202 727 2277 quedam
746 2205 823 2276 sunt,
848 2223 903 2278 que
923 2206 1107 2280 complentur

93 2311 162 2350 cum
186 2294 323 2366 quatuor,
347 2309 413 2349 eum
436 2310 495 2349 non
517 2290 594 2347 fiunt
616 2291 647 2348 in
670 2291 765 2367 figura
788 2310 843 2365 res,
867 2296 897 2349 et
915 2295 985 2350 tunc
1008 2313 1105 2352 move·

92 2380 175 2438 bitur
194 2380 360 2454 exemplum
379 2384 409 2437 et
428 2379 602 2454 differentia,
626 2380 703 2437 sicut
721 2380 870 2439 invenitur
889 2377 962 2460 <in>
981 2384 1107 2458 septima

96 2465 234 2545 <figura>
261 2468 351 2544 primi
378 2469 533 2526 tractatus
585 2466 642 2526 Sed
669 2469 833 2543 propositio
861 2472 891 2527 et
912 2470 1049 2545 probatio
1078 2474 1148 2533 etc

98 2557 242 2616 conclusio
266 2557 429 2616 necessarie
453 2557 573 2616 suntin
596 2556 730 2616 omnibus
753 2557 865 2634 figuris.

183 2646 324 2705 Preterea
348 2649 474 2721 oportet,
496 2648 532 2704 ut
555 2646 708 2704 ostendam
730 2647 801 2722 ista,
830 2647 942 2706 scilicet
969 2650 1041 2723 quid
1068 2654 1107 2711 sit

102 2726 289 2812 theorema2),
317 2738 347 2795 et
379 2735 451 2811 quid
483 2735 686 2810 corollarium,
714 2738 744 2793 et
774 2736 845 2811 quid
877 2739 921 2795 est
951 2738 1107 2800 diversitas

103 2823 260 2897 positionis,
284 2823 409 2898 etquid
432 2815 612 2904 alaynedi3),
636 2827 666 2882 et
693 2824 765 2898 quid
794 2827 838 2883 est
866 2830 1035 2887 convertere
1063 2832 1106 2889 in·

104 2910 258 2972 tentionem
281 2912 319 2969 ad
341 2911 531 2987 impossibile.
1120 2922 1146 2961 ³⁰

100 3034 305 3049 Ν--ι

168 3103 208 3152 20.
228 3097 392 3181 completur.
417 3131 450 3138 -
475 3105 517 3153 24.
538 3099 657 3168 septimi.
687 3133 720 3140 —
749 3106 791 3154 28.
811 3101 984 3159 corolarium.
1005 3138 1038 3145 —
1062 3114 1103 3161 29·

88 3171 290 3301 cupidita).
390 3224 393 3229 ⁴

82 3320 301 3342 ’κῃ-α

97 3453 105 3463 ‚
169 3402 192 3467 1)
217 3401 385 3454 Hammonis
404 3403 513 3460 textum
533 3401 676 3455 arabicum
695 3419 752 3456 non
769 3407 847 3458 recte
865 3403 1118 3472 comprehendisse

66 3461 213 3526 Vldetur.
243 3471 401 3526 Translatio
421 3471 563 3528 Gmnrnm
583 3473 692 3548 optime
713 3494 781 3532 cum
799 3493 889 3532 sensu
901 3474 1047 3528 Reatinis
1066 3486 1137 3520 cun·

52 3537 171 3591 gruit.
192 3572 224 3579 -
243 3545 271 3610 2)
287 3544 386 3610 λῆμμα.
409 3577 442 3584 -
462 3549 491 3618 3)
512 3546 646 3616 ἔνστασις
660 3580 697 3599 =
715 3552 898 3622 disceptatio.
