2316 3840
108 143 173 207 230
396 143 560 197 ANARITII
577 141 833 198 COMMENTARII

108 312 258 388 speciebus
282 311 353 386 eius,
377 315 407 370 et
425 312 457 369 in
475 312 591 370 residuo
611 315 641 370 et
660 311 811 387 speciebus
829 312 901 370 eiua
919 311 984 382 Ι111
1007 312 1079 370 etia
1090 339 1105 364 u
1147 326 1158 349 ¹

107 401 327 477 ostenditur,
349 401 510 476 qualiter
531 401 765 460 inveniantur
787 401 853 459 duc
876 401 973 458 lineo
996 401 1033 459 in
1054 421 1095 476 po

106 489 225 547 tentia
252 483 445 565 (tantum)
474 490 689 566 rationales,
723 507 870 565 quarum
896 488 1042 566 longior
1070 490 1098 548 si
1141 483 1147 492 '

106 579 234 652 potens
262 595 371 653 supra
397 577 599 637 breviorem
626 597 702 637 cum
729 581 922 656 augmento
945 578 1119 654 quadrati

79 666 301 725 oeristentis
329 666 365 725 in
392 666 490 726 linea
517 667 681 726 seiuncta
709 667 779 726 sibi
807 667 843 724 in
871 667 1119 744 longitudine,

106 755 266 813 secundum
292 755 427 830 modum,
460 756 512 832 qui
538 756 687 831 precessit.
742 756 783 813 Et
809 756 865 816 hoc
888 758 947 830 est,
976 757 1120 831 quoniam

105 862 216 918 ponam
233 846 273 903 dc
295 844 474 903 rationalem
495 845 527 902 in
549 845 685 920 potentia
707 847 834 918 tantum,
858 846 888 902 et
911 864 1053 904 numeros
1078 848 1119 904 ab

106 935 137 990 et
159 935 207 1007 by,
231 952 358 1008 quorum
380 933 478 992 nullus
502 932 542 992 sit
564 932 737 1008 quadratus.
782 933 924 992 Probatio
948 936 1054 992 autem
1077 934 1119 1009 fit,

105 1021 265 1079 secuudum
288 1022 368 1097 quod
390 1023 543 1098 precessit3
572 1024 603 1080 et
624 1021 702 1080 illud
725 1023 784 1096 est,
807 1022 886 1097 quod
911 1022 1120 1081 demonstrare

66 1122 92 1160 10
106 1110 261 1169 voluimus.

193 1199 326 1276 Figura
345 1199 513 1258 vicesime
531 1199 656 1274 tercie,
677 1199 748 1274 quia
761 1198 934 1257 Annamrus
948 1198 1121 1260 introduxit

106 1287 234 1362 quedam
257 1288 288 1345 in
311 1306 354 1363 ea,
378 1287 484 1363 quibus
508 1287 628 1362 quidam
651 1287 843 1362 contradixit,
866 1287 1123 1364 interponitur

104 1376 182 1435 hoc:
222 1375 340 1435 Omnis
373 1376 590 1451 superficies
622 1379 801 1435 rectorum
833 1377 1054 1453 angulorum
1088 1382 1123 1437 et

106 1464 241 1524 duabus
283 1465 391 1523 lineis
432 1465 648 1523 medialibus
689 1465 725 1522 in
765 1465 931 1540 potentia
973 1468 1123 1525 tantum

66 1548 503 1632 15<c0mmunicantibus>
535 1557 706 1613 contenta
738 1556 801 1611 aut
833 1557 886 1612 est
917 1555 1121 1614 rationalis

105 1646 168 1701 aut
190 1634 397 1723 medialisl)
862 1643 867 1656 '

194 1730 240 1789 Sit
263 1750 332 1808 ergo
356 1730 523 1806 superficies
543 1732 584 1804 bp
606 1733 754 1789 rectorum
777 1730 957 1807 angulorum
976 1735 1122 1792 contenta

105 1836 123 1876 a
147 1817 259 1877 duabus
287 1820 373 1878 lineis
396 1821 437 1878 ab
465 1823 496 1878 et
518 1837 572 1894 aq,
605 1839 663 1895 que
690 1820 751 1877 sint
777 1818 918 1877 mediales
941 1814 1016 1898 <11>
1041 1841 1120 1881 com-

104 1907 288 1965 municantes
316 1909 347 1965 in
365 1910 501 1983 potentia
518 1910 649 1966 tantum:
681 1908 746 1981 dico
770 1907 876 1984 igitur,
904 1909 986 1983 quod
1014 1928 1119 1985 super·

64 2006 90 2046 10
104 1994 184 2053 ficies
208 1997 247 2070 19
275 2000 328 2054 111
355 2000 400 2055 est
422 1997 579 2055 rationalis
606 2000 661 2055 aut
682 1995 825 2054 medialis.
875 1996 1020 2057 Probatio
1047 2000 1119 2072 ciue,

105 2085 245 2159 quoniam
273 2087 453 2144 constituam
483 2105 573 2161 supra
600 2103 840 2160 unamquamque
869 2084 996 2143 duarum
1023 2086 1117 2146 linea-

103 2192 170 2230 rum
188 2175 230 2232 ab
254 2177 285 2232 et
303 2192 345 2247 op
368 2174 555 2249 quadratum,
579 2174 676 2250 sitque
694 2193 787 2230 unum
806 2174 849 2231 bd
873 2177 903 2232 et
921 2174 1055 2233 alterurn
1071 2195 1117 2250 pe,

104 2265 135 2320 et
161 2281 270 2338 ponam
297 2263 407 2320 lineam
429 2265 468 2322 11
496 2263 673 2322 rationalem
700 2262 731 2318 in
754 2261 955 2338 longitudine,
988 2258 1064 2343 (et)
1092 2265 1117 2322 ei

104 2350 266 2428 adiungam
294 2351 478 2426 superficiem
505 2355 652 2410 rectorum
677 2350 857 2428 angulorum
880 2351 1018 2426 equalem
1045 2372 1114 2429 qua·

63 2449 89 2489 25
104 2438 190 2500 drato
209 2442 259 2516 bd,
283 2460 339 2516 que
362 2441 402 2498 sit
425 2439 593 2516 superficies
611 2444 651 2516 at,
674 2432 747 2517 <11>
766 2438 926 2516 adiungam
945 2439 985 2497 ad
1005 2440 1130 2500 lincam

104 2528 137 2585 ilc
160 2529 343 2603 superficiem
361 2530 394 2586 11
417 2529 553 2605 equalem
576 2527 742 2604 superficiei
761 2529 808 2602 by,
832 2530 863 2585 et
885 2528 923 2585 ad
941 2527 1056 2587 lineam
1074 2532 1130 2588 lm

104 2616 288 2690 superficiem
307 2617 444 2691 equalem
458 2612 647 2695 (quadrato)
659 2634 706 2691 pc,
730 2635 787 2691 que
811 2615 851 2674 sit
869 2617 1040 2692 superficies
1054 2638 1143 2677 ma-

104 2703 144 2761 111
167 2705 237 2779 quia
264 2705 343 2762 linea
366 2707 405 2765 11
432 2709 477 2764 est
505 2706 661 2765 rationalis
689 2706 721 2762 in
746 2704 947 2781 longitudine,
982 2707 1041 2765 erit
1067 2708 1151 2765 ad·-

102 2791 236 2850 iunctum
268 2792 407 2870 mediale,
439 2795 518 2870 quod
546 2798 591 2853 est
618 2794 723 2870 equale
756 2793 871 2851 duabus
906 2795 1147 2869 superficiebuS

63 2891 89 2931 3⁰
104 2881 158 2952 bd,
178 2898 218 2953 pc
239 2881 414 2940 medialibus
437 2882 736 2956 communicantibm,
759 2901 815 2956 que
838 2884 908 2939 sunt
931 2882 988 2941 due
1013 2902 1126 2960 super‘

103 2967 183 3026 ficies
201 2974 240 3044 ci,
259 2989 326 3028 ma:
350 2990 419 3047 ergo
439 2973 496 3030 erit
514 2976 690 3048 unaqueque
709 2970 1125 3049 (1111111111111111111,11

103 3057 258 3117 rationalis
276 3059 307 3115 in
325 3059 469 3135 potentia,
490 3059 570 3136 quod
588 3062 630 3118 sic
648 3078 711 3119 esse
730 3061 847 3118 constat
865 3061 1029 3120 secundum
1047 3081 1116 3140 pro·

103 3144 253 3204 bationem
271 3146 366 3224 figure
385 3151 488 3207 octave
507 3149 618 3208 decime
636 3149 723 3207 huius
742 3148 844 3222 partis.
882 3147 923 3207 Et
942 3151 1016 3225 quia
1034 3152 1115 3210 linea

174 3337 198 3386 2.
219 3332 364 3400 equaliter.
384 3364 418 3374 -
437 3339 479 3389 28.
498 3336 538 3389 bt.
558 3367 593 3375 -
612 3341 655 3389 29.
674 3332 807 3404 mediale]
827 3349 917 3388 omne.

170 3513 198 3581 1)
216 3511 295 3566 Haec
315 3513 358 3566 est
372 3510 434 3582 ipsa
448 3510 602 3582 propositio
617 3511 651 3579 X,
662 3517 695 3566 23
711 3510 831 3564 0111111
844 3510 1008 3582 (Humanam
1022 3515 1057 3585 X,
1067 3519 1114 3584 25)
