2340 3834
376 164 426 218 AD
444 163 628 219 EUCLIDEM
646 164 713 220 LIB.
728 165 773 219 IX.
1013 164 1079 228 205

68 329 217 399 Quoniam
234 350 352 407 ponam,
375 335 417 407 ut,
440 332 520 409 quod
537 336 718 410 aggregatur
737 353 771 390 ex
790 335 832 391 ab
851 335 882 390 in
897 335 950 407 qd,
974 332 1013 391 sit
1030 334 1078 408 ba,

69 423 99 478 et
128 420 209 496 quod
231 424 412 498 aggregatur
434 441 470 480 ex
492 424 534 480 cb
556 423 588 480 in
608 440 660 496 qe,
689 422 728 480 sit
750 423 796 496 ol,
824 425 853 480 et
876 423 956 497 quod
979 441 1014 479 ex
1036 424 1078 481 ub

68 509 99 566 in
123 510 171 584 ed,
194 510 234 568 sit
256 511 307 567 lm.
353 510 433 588 Ergo
453 512 499 585 qd
520 513 658 568 numerat
678 512 718 569 ba
741 512 901 569 secundum
923 529 1078 568 numerum

70 597 233 672 unitatum,
265 598 317 673 qui
348 601 393 657 est
424 599 455 656 in
483 601 537 674 ab,
570 603 600 657 et
624 617 664 673 qe
696 603 833 658 numerat
860 601 893 657 lcl
920 600 1080 658 secundum

69 704 225 744 numerum
260 688 410 744 unitatum
441 689 496 763 cb,
533 692 563 746 et
596 690 634 746 ed
669 692 806 746 numerat
838 689 882 745 lm
918 688 1078 746 secundum
1105 695 1118 734 5

69 794 224 832 numerum
250 775 399 834 unitatum
427 779 480 835 ob:
508 795 577 854 ergo
605 776 772 834 coniunctio
797 779 842 850 qd
868 779 1005 834 numerat
1027 777 1079 834 lecu

68 863 230 921 secundum
252 863 446 938 equalitatem
469 865 539 940 eius,
562 865 641 940 quod
665 865 762 923 estin
782 867 823 923 ob
846 884 882 922 er
903 865 1080 938 unitatibus¹

69 970 138 1029 crgo
166 971 305 1016 numerus
332 954 384 1010 lom
412 956 456 1012 est
483 954 597 1029 equalis
624 972 746 1010 numero
773 955 819 1012 ba
870 953 950 1031 Ergo
979 972 1078 1029 super-

68 1039 181 1115 ficialis,
205 1041 257 1116 qui
279 1042 416 1116 provenit
439 1062 474 1100 ex
492 1045 534 1101 cb
557 1042 588 1099 in
604 1044 656 1117 qd,
681 1045 725 1100 est
743 1042 858 1116 equalis
878 1041 1077 1099 coniunctioni

67 1128 193 1187 duorum
216 1129 452 1205 superficialium,
475 1130 527 1206 qui
549 1133 737 1189 continentur
759 1131 796 1188 ab
820 1132 861 1188 ab
883 1133 913 1187 et
928 1148 969 1203 qe
987 1133 1017 1187 et
1035 1133 1076 1189 cb
1092 1139 1118 1178 ¹⁰

69 1221 97 1275 et
120 1219 171 1290 ed3
197 1219 226 1274 et
248 1218 323 1275 illud
347 1222 400 1293 est,
423 1221 502 1294 quod
524 1220 724 1278 demonstrare
748 1219 903 1278 voluimus.

154 1306 290 1384 Figura
317 1307 391 1365 alia
419 1308 543 1366 addita
570 1308 787 1367 theoremati
814 1311 914 1366 sexto
943 1307 1078 1365 decimo

71 1394 185 1469 partis
208 1387 339 1475 nonel)

157 1481 278 1541 Omnis
306 1486 444 1543 numeri
470 1487 506 1543 in
534 1485 619 1543 duas
645 1485 823 1543 sectiones
847 1484 956 1543 divisi
980 1485 1077 1542 coni·

72 1572 190 1630 unctio
223 1573 368 1630 duorum
401 1573 702 1649 superficialium,
734 1574 794 1648 qui
823 1577 906 1632 sunt
933 1593 972 1631 ex
999 1576 1077 1631 toto
1093 1581 1118 1622 1⁵

71 1677 212 1718 numero
262 1661 298 1718 in
347 1681 624 1737 unamquamque
670 1661 817 1719 duarum
866 1664 1078 1736 sectionum,

68 1749 208 1824 'equalis
241 1743 345 1827 <ost>
377 1750 553 1825 quadrato
589 1752 725 1808 numeri
761 1752 886 1810 tocius,
942 1751 1078 1827 Exempli

146 1885 481 1990 μή...]
605 1842 1079 2004 {attitulasti

68 2037 81 2073 e
552 2027 570 2080 d
606 2019 749 2091 punctum
760 2035 792 2089 9:
808 2017 872 2074 dico
883 2017 985 2093 igitur,
1000 2018 1079 2092 quod
1093 2027 1120 2066 ²⁰

75 2092 238 2126 ’-”“
557 2096 560 2133 ¹
606 2105 664 2162 duo
682 2103 881 2179 superficiales
899 2106 973 2163 facti
987 2124 1023 2163 ex
1037 2107 1078 2164 ab

69 2186 80 2265 l,
285 2184 303 2236 h
555 2194 1078 2266 znoqetexoainay,cum

609 2280 839 2358 coniunguntur,
866 2284 936 2339 sunt
959 2282 1078 2355 equales

67 2369 217 2444 quadrato
241 2370 290 2427 cb.
333 2368 379 2427 Sit
401 2388 471 2445 ergo
495 2369 673 2445 quadratum
691 2371 741 2442 cb,
764 2371 812 2443 de,
835 2373 864 2427 et
886 2368 1078 2444 superficialis

16 2448 39 2496 ³¹
62 2460 107 2516 ab
135 2457 170 2514 in
198 2459 238 2531 bq
262 2457 301 2516 sit
321 2453 325 2527 l
346 2459 392 2532 th,
420 2460 449 2515 et
472 2457 665 2533 superficialis
688 2459 730 2516 bc
752 2458 784 2514 in
806 2475 848 2531 co
871 2458 910 2515 sit
931 2459 983 2516 bc:
1011 2457 1077 2515 dico
1092 2468 1119 2508 25

59 2543 168 2624 igitur,
191 2546 270 2621 quod
292 2565 430 2604 numerus
453 2548 493 2605 de
515 2550 560 2604 est
582 2547 695 2622 equalis
716 2565 838 2604 numero
857 2550 896 2606 tr.
937 2545 1078 2604 Probatio

60 2637 138 2693 eius
185 2633 331 2702 Quoniam
352 2653 491 2693 numerus
514 2654 557 2710 aq
578 2638 715 2694 numerat
737 2655 892 2693 numerum
915 2636 955 2694 ab
978 2654 1078 2694 secun-

59 2724 138 2782 dum
166 2723 359 2797 equalitatem
386 2725 462 2797 eius,
490 2725 569 2799 quod
596 2727 640 2783 est
664 2726 696 2782 in
720 2726 761 2782 ub
784 2744 820 2782 ex
842 2724 1021 2798 unitatibus,
1049 2727 1079 2781 et

61 2812 105 2886 bo
133 2814 271 2868 numerat
296 2813 332 2869 bt
358 2813 518 2870 secundum
543 2813 631 2888 illud,
659 2813 738 2888 quod
765 2816 811 2870 cst
834 2813 867 2870 in
890 2815 931 2871 ob
955 2832 991 2870 ex
1013 2812 1077 2869 uni-

60 2900 189 2974 tatibus,
212 2903 242 2958 et
265 2901 304 2973 bo
325 2903 462 2959 numerat
484 2902 519 2959 at
541 2902 699 2960 secundum
717 2901 801 2975 illud,
826 2902 904 2976 quod
923 2903 968 2959 est
985 2901 1017 2958 in
1036 2903 1076 2959 ab
1091 2914 1118 2952 ³⁰

63 3010 102 3048 ex
130 2988 308 3062 unitatibus,
337 3008 406 3066 ergo
435 2991 474 3063 bo
501 2991 531 3047 et
555 3009 599 3063 oc
627 2990 794 3049 coniunctio
817 2989 1017 3048 numeraverit
1039 2991 1076 3048 ab

63 3081 97 3136 et
119 3079 155 3135 at
177 3077 411 3135 coniunctionem
434 3078 593 3136 secundum
616 3079 810 3154 equalitatem
833 3080 908 3152 eiuS,
931 3079 1010 3153 quod
1034 3083 1079 3136 est

64 3167 97 3224 in
122 3167 164 3225 ab
188 3185 223 3222 ex
245 3165 417 3224 unitatibus.
461 3165 518 3224 Sed
537 3169 576 3241 bo
594 3170 624 3225 et
639 3186 684 3242 qa
701 3167 851 3226 coniuncti
869 3170 939 3224 suut
957 3167 1077 3241 equales

138 3357 163 3407 4.
183 3352 258 3420 quod
278 3354 328 3406 est.
348 3384 383 3393 -
402 3359 442 3407 10.
463 3352 615 3407 continent.
640 3384 667 3393 -
688 3359 880 3407 aenomaus
900 3354 944 3422 by.

140 3533 166 3600 1)
183 3529 298 3584 Ibidem.
337 3528 408 3584 Vide
427 3529 514 3585 etiam
532 3530 566 3602 ll,
585 3537 611 3588 2.
