2340 3834
388 134 437 188 AD
456 134 642 190 EUCLIDEM
659 136 726 189 LIB.
741 135 773 190 X.
1015 137 1079 200 229

89 278 116 340 ⁰l
132 301 273 377 proportio
291 303 409 362 numeri
427 305 468 362 ob
487 303 525 362 ad
543 325 698 363 numerum
714 307 755 378 pb
775 304 814 363 sit
832 305 908 364 siout
925 303 1079 380 proportio

92 387 269 451 quinariae
287 391 326 450 ad
345 391 525 469 quadratum
542 411 571 452 a:
595 413 664 470 orgo
683 394 863 467 ostendetur,
887 394 964 452 sieut
983 397 1079 453 osten-

96 479 146 534 tum
168 481 222 555 est,
250 480 331 556 qnod
358 481 526 542 ooniunotio
555 481 682 541 duorum
707 483 920 559 quadratorum
942 485 1008 556 lta
1034 485 1080 541 est

20 606 22 621 .
95 566 187 638 tquafis
218 569 365 644 quadrato
392 572 445 645 de,
477 573 508 629 et
540 571 620 646 quod
646 573 685 630 do
716 575 815 647 potest
847 591 936 647 supra
962 573 981 628 t
1013 591 1079 630 oum

92 659 231 732 augmento
255 657 394 733 quadrati
417 659 494 717 linee
518 659 648 718 seiunote
672 659 729 718 sibi
750 660 783 717 in
802 659 997 736 longitudine,
1021 680 1078 735 que
1105 671 1118 711 5

86 746 124 801 est
142 744 219 803 linea
240 765 270 821 ᾗς
294 749 324 805 et
347 747 423 805 illud
446 752 503 822 est,
527 748 606 824 quod
629 748 831 808 demonstrare
855 748 1012 807 voluimus

160 833 248 894 Volo
291 837 498 912 ostendere,
540 837 701 913 qualiter
740 836 976 896 inveniantur
1012 836 1078 895 due

74 919 166 980 linee
187 923 224 982 in
247 924 416 999 potentia
438 927 579 983 tantum
598 924 811 1000 rationales,
836 945 984 1000 quarum
1002 926 1078 983 lon·

70 1009 152 1088 gior
173 1013 290 1087 possit
318 1032 427 1089 supra
451 1013 652 1074 breviorem
679 1034 754 1073 oum
777 1016 968 1091 augmento
993 1034 1076 1088 qua·

68 1100 168 1158 drati
191 1101 287 1160 lineo
312 1102 608 1161 communicantis
632 1103 701 1162 sibi
724 1104 759 1160 in
782 1103 1020 1179 longitudine.
1093 1114 1118 1153 1⁰

162 1188 236 1248 Cum
263 1209 334 1268 ergo
361 1210 486 1267 posuero
515 1192 625 1250 lineam
652 1194 704 1266 oto,
736 1211 793 1267 que
826 1193 871 1249 est
899 1192 930 1248 in
962 1190 1078 1249 duabus

63 1277 173 1354 figuris
195 1279 428 1356 precedentibus,
450 1279 627 1341 rationalem
650 1281 681 1339 in
704 1280 898 1357 longitudine,
921 1276 951 1337 et
968 1278 1079 1337 lineam

63 1367 230 1425 secundam
248 1367 427 1428 rationalem
444 1369 476 1427 in
489 1369 685 1447 longitudine,
704 1370 817 1428 soilioet
830 1387 954 1444 posuero
968 1369 1079 1426 lineam

60 1456 249 1516 rationalem
272 1460 303 1515 et
325 1457 435 1516 lineam
458 1458 618 1517 secundam
635 1460 687 1533 de,
711 1462 741 1516 et
763 1476 903 1533 posuero,
925 1460 959 1515 ut
977 1459 1017 1516 de
1039 1456 1079 1515 sit

214 1609 230 1713 ΙΙ)
296 1624 354 1662 non
372 1609 523 1677 quadratus
595 1626 613 1716 Ι9
647 1625 704 1663 ooo
723 1612 874 1679 quadratos
916 1627 934 1716 a

497 1770 648 1838 quadratus

351 1877 793 1983 er

329 2067 344 2104 z
602 2126 604 2131 ᾗ
768 2054 787 2106 t

194 2136 484 2145 ‘ffi—
602 2138 877 2214 ss-‘ttauaaea
952 2123 956 2157 ¹

55 2308 152 2366 linea
171 2306 304 2365 seiuncta
321 2307 431 2366 lineet
453 2307 484 2364 in
503 2307 696 2384 longitudine,
721 2312 750 2366 et
768 2326 863 2382 neque
882 2305 1080 2365 eommunicet
1093 2319 1118 2359 15

60 2392 141 2474 (ei)
160 2395 219 2454 nisi
241 2396 272 2454 in
295 2396 430 2471 potentia
454 2397 558 2471 solum,
581 2397 664 2455 ouius
685 2396 776 2454 etiam
796 2395 977 2471 quadratum
995 2393 1081 2453 oadet

62 2502 163 2560 supra
193 2484 413 2560 quadratumh
441 2504 508 2543 oum
535 2488 695 2562 augmento
724 2483 863 2560 quadrati
889 2484 967 2541 linee
990 2501 1019 2557 a,
1051 2486 1081 2541 et

62 2573 129 2631 erit
155 2571 236 2630 linea
262 2590 279 2631 a
311 2572 530 2632 communicans
556 2574 634 2631 lineo
664 2575 703 2632 do
730 2574 762 2631 in
788 2572 989 2650 longitudine:
1020 2572 1081 2630 iam

63 2679 143 2737 ergo
168 2662 317 2719 ostensum
341 2664 398 2735 est,
428 2661 558 2736 qualiter
579 2662 614 2719 fit
636 2662 704 2735 heo,
734 2665 765 2721 et
787 2661 917 2737 qualiter
940 2661 1000 2719 sint
1024 2662 1080 2719 due

62 2749 149 2807 linee
169 2748 330 2809 rationales
349 2748 530 2825 inpotentia
547 2753 675 2825 tantum,
694 2770 820 2826 quarum
833 2745 972 2828 <longior
986 2750 1082 2825 possit
1095 2763 1121 2802 2⁰

62 2855 164 2912 supra
186 2836 351 2896 breviorem
374 2857 440 2896 oum
463 2841 623 2916 augmento
643 2839 781 2914 quadrati
799 2835 898 2916 linee>
920 2838 1080 2897 eommuni-

62 2925 169 2985 oantis
192 2923 248 2983 sibi
270 2925 301 2983 in
324 2926 518 3004 longitudine.

161 3012 224 3072 Heo
247 3017 347 3072 autem
368 3015 496 3074 intentio
519 3016 637 3092 proprie
666 3020 696 3074 et
719 3016 776 3074 due
799 3015 992 3090 intentiones,
1023 3035 1081 3091 que

62 3101 251 3180 precedunt,
278 3106 348 3162 sunt
370 3102 533 3162 necessarie
557 3105 588 3162 in
606 3105 702 3182 figura
725 3105 825 3178 surde,
852 3125 909 3181 que
932 3107 977 3162 est
999 3104 1081 3163 bino·

62 3190 175 3266 mium,
200 3195 229 3250 et
252 3191 410 3250 surdarum
432 3192 566 3268 ipsarum
585 3194 780 3268 sequentium,
805 3197 834 3252 et
852 3194 883 3251 in
902 3193 1032 3252 binomio
1052 3195 1082 3250 et
1094 3203 1120 3242 25

143 3365 168 3414 4.
194 3377 276 3429 super
295 3362 359 3414 tolo.
382 3392 418 3400 —
442 3367 482 3416 12.
507 3361 664 3416 rationalis.
689 3395 723 3402 —
748 3367 789 3416 13.
809 3361 1023 3432 longitudinem.
1048 3392 1081 3400 -

66 3437 113 3487 19.
136 3433 167 3485 et
185 3430 319 3503 qualiter]
346 3431 491 3500 equaliter.
515 3465 550 3473 -
574 3439 686 3487 20-22.
711 3449 828 3500 quarum
847 3450 905 3487 una
924 3430 1082 3486 eomunieat

64 3501 157 3558 altori
174 3500 205 3556 in
222 3501 407 3572 longitudine.
