2340 3834
26 603 41 650 7

209 580 214 684 Ι
239 583 418 656 INCIPIT
448 583 692 656 EXPOSITIO
721 585 942 656 ANARITII

288 709 321 779 X
343 707 597 780 PRIMORUM
617 708 863 781 LIBRORUM

250 831 561 904 GEOMETRIE
598 831 906 924 <noctiluca

158 1013 244 1071 Dixit
266 1013 438 1071 Eucnrnns:
460 1013 606 1071 Punctum
624 1016 672 1087 est,
691 1013 766 1084 quod
778 1017 895 1085 portem
912 1031 971 1072 noo
988 1015 1077 1072 babet.

161 1100 259 1177 Supra
281 1102 336 1160 boc
360 1101 434 1159 dixit
458 1091 733 1181 sinnm1on1ns1):
759 1099 909 1159 Punctum
932 1106 976 1160 est
998 1103 1077 1178 prin·
1106 1124 1119 1162 5

67 1190 185 1267 cipium
208 1190 424 1266 quantitatum,
453 1193 483 1248 et
505 1190 584 1247 unde
607 1194 772 1266 augrmtur,
800 1191 830 1247 et
857 1190 955 1265 ipsum
983 1192 1079 1250 solum

69 1283 125 1354 est,
150 1280 230 1355 quod
253 1297 312 1337 non
334 1279 486 1354 dividitur,
509 1279 619 1338 habens
643 1279 741 1336 situm.
788 1277 862 1336 Gum
885 1298 955 1356 ergo
978 1279 1008 1336 in
1032 1280 1079 1337 sui

68 1367 246 1426 habitudine
268 1368 360 1426 fuerit
382 1367 500 1425 firmum
523 1371 553 1425 et
574 1369 678 1442 postea
695 1367 818 1442 motum,
841 1385 876 1425 ao
899 1368 924 1424 si
942 1386 960 1425 a
982 1368 1078 1443 primo

67 1457 134 1515 situ
161 1457 199 1514 111
226 1456 319 1514 alium
345 1456 435 1514 situm
461 1455 603 1514 velociter
625 1455 801 1530 cucurrerit,
827 1457 964 1530 provenit
987 1476 1021 1514 ex
1044 1477 1078 1516 eo

67 1564 133 1603 una
150 1548 270 1603 tantum
288 1544 430 1603 dimensio
449 1547 480 1601 et
497 1545 544 1602 sui
563 1562 664 1602 cursus
683 1543 836 1619 quantitas
854 1545 964 1603 habens
987 1564 1078 1603 unam
1093 1568 1119 1604 ro

69 1633 289 1692 dimensionem.
341 1631 417 1702 Quia
445 1632 524 1690 enim
550 1633 648 1708 ipsum
675 1652 735 1691 non
758 1633 901 1708 dimittat,
930 1653 989 1693 non
1011 1653 1077 1709 pro·

69 1722 155 1780 venit
177 1725 248 1780 tunc
266 1722 324 1780 nisi
342 1741 377 1779 ex
396 1741 430 1780 eo
449 1739 509 1779 una
527 1724 646 1779 tantum
668 1721 819 1796 dimensio,
844 1741 901 1796 que
921 1724 966 1780 est
983 1724 1077 1800 longi-

67 1809 147 1869 tudo
160 1812 287 1868 tantum.
324 1810 416 1868 Linea
437 1829 555 1884 qnoque
575 1828 642 1867 cum
660 1827 690 1867 se
704 1810 838 1885 moverit,
857 1811 883 1868 si
902 1811 964 1869 eius
979 1815 1077 1871 motus

69 1917 198 1973 sequens
224 1901 339 1958 motum
366 1898 482 1974 puncti,
515 1898 636 1975 augebit
663 1899 756 1956 solam
784 1899 830 1956 sui
861 1900 1079 1976 longitudinem

68 1990 200 2046 tantum.
248 1987 341 2045 Linea
368 1987 447 2045 enim
473 2007 533 2046 non
558 1986 593 2044 fit
619 1985 677 2045 nisi
709 2006 743 2044 ex
770 1990 854 2046 motu
880 1989 990 2063 puncti.
1047 1987 1079 2046 Si
1093 2008 1118 2047 15

68 2077 173 2134 autem
199 2076 278 2134 linea
304 2076 336 2133 in
363 2094 394 2133 se
422 2076 487 2150 ipsa
509 2078 677 2150 moveatur,
706 2078 735 2133 et
763 2075 798 2133 de
822 2094 875 2134 suo
898 2077 993 2151 primo
1017 2077 1078 2134 situ

68 2164 225 2223 adolium
252 2165 381 2239 primum
408 2164 499 2222 situm
525 2164 618 2221 fuerit
643 2166 738 2237 mota,
766 2164 873 2222 accidit
900 2183 1078 2223 111111111-

69 2251 202 2311 motione
226 2253 285 2311 alia
312 2253 467 2327 dimensio,
496 2272 554 2327 que
577 2255 700 2311 vocatur
722 2252 863 2328 latitud0,
888 2255 918 2311 et
940 2253 1078 2328 provenit

69 2360 108 2399 ex
136 2359 171 2398 ea
197 2342 349 2417 quantitas
377 2341 487 2399 babens
519 2341 592 2398 duas
624 2340 830 2415 dimensiones
864 2361 927 2416 que¹
954 2344 1079 2400 vocatur

65 2429 253 2504 superficies,
282 2450 316 2489 eo
344 2430 424 2506 quod
446 2430 524 2488 sicut
546 2430 632 2504 iliud,
662 2428 742 2504 quod
769 2432 839 2487 sunt
868 2448 1005 2505 corpora,
1033 2433 1118 2489 estro

68 2536 246 2594 expansum,
275 2522 305 2577 et
331 2519 407 2576 illud
435 2522 491 2594 est,
520 2518 600 2593 quod
627 2517 797 2593 corporibus
821 2513 909 2596 <est>
931 2520 1075 2577 naturale.

68 2605 247 2682 Superficies
284 2626 353 2684 ergo
390 2607 415 2666 si
449 2610 606 2666 moveatur
640 2607 717 2664 lineo
749 2625 872 2682 sequens
907 2608 1077 2682 motionem,

69 2695 194 2772 augebit
217 2714 246 2754 se
271 2697 364 2755 solam
381 2699 507 2754 tantum.
554 2694 586 2753 Si
604 2698 703 2753 autem
721 2696 786 2754 tota
803 2699 960 2754 moveatur
983 2714 1001 2753 1
1024 2715 1077 2755 suo

68 2784 166 2860 primo
186 2784 248 2842 situ
266 2785 305 2842 ad
323 2785 415 2843 alium
433 2785 532 2859 situm,
551 2785 688 2859 provenit
706 2783 797 2841 etiam
815 2783 956 2844 dimensio
975 2785 1076 2860 tercia,

70 2892 130 2948 que
152 2876 279 2931 vocatur
300 2874 499 2949 profunditas
523 2876 552 2932 et
575 2873 609 2931 fit
632 2893 666 2930 ex
690 2891 725 2930 ea
747 2891 864 2948 corpus,
889 2873 981 2948 quod,
1011 2893 1077 2932 cum
1092 2894 1118 2933 as

68 2960 110 3019 sit
132 2964 194 3019 tres
217 2961 328 3020 habens
351 2962 553 3037 dimensiones,
576 2962 708 3036 undique
730 2980 750 3020 a
768 2962 976 3037 superficiebus
1000 2981 1076 3021 com-

67 3049 273 3124 prehenditur.

143 3240 185 3290 21,
204 3235 344 3308 naturale]
362 3236 412 3290 n’r.
431 3268 466 3276 -
485 3241 526 3290 23.
547 3238 634 3291 tanta.

143 3415 168 3482 1)
187 3412 382 3467 Smnmcmus
394 3413 598 3482 =Snffn1crus

123 3509 208 3553 Gomm.
221 3513 251 3552 ad
263 3513 353 3554 Euclid
368 3514 401 3554 ed,
417 3513 526 3556 Ourtze.
