2340 3834
392 181 442 236 AD
460 181 646 238 EUCLIDEM
664 181 731 237 LlB.
746 181 778 236 X.
1024 180 1088 244 297

168 350 210 407 In
237 350 312 408 fine
339 351 424 410 noni
451 343 630 426 dicitur:¹)
660 350 701 408 nt
729 349 891 408 secundum
917 350 993 408 hanc
1022 369 1089 425 pro·

48 439 232 499 bationem
264 440 485 500 demonstratur
514 439 550 498 de
582 438 698 497 duabus
730 438 951 514 quantitatibus
981 439 1090 499 incom-

51 528 304 587 municantibus
326 548 380 604 per
402 546 574 588 conversam
597 528 692 606 figure
715 528 852 586 vicesime
875 527 966 585 tercie
986 527 1090 603 quinti.

169 616 357 675 Undecimi
380 617 612 676 theorematis
636 607 873 697 exemplum.²)

170 705 216 764 sit
233 706 314 766 linea
331 707 403 766 data
420 707 500 764 linea
518 725 546 782 o,
566 725 656 781 quam
669 725 787 781 ponam,
806 707 955 780 quantum
967 705 1091 765 voluero
1117 715 1131 756 ὁ

15 795 43 843 63
59 812 110 852 ex
144 795 282 870 numeria,
304 795 404 872 sitque
427 795 496 870 duo,
517 789 521 872 l
541 796 610 854 volo
633 798 734 853 autem
752 794 886 852 invenire
903 793 978 852 duas
997 795 1091 852 lineas

57 882 367 944 incommunioantes
389 904 418 960 a,
441 904 568 959 quarum
590 903 652 942 una
674 883 906 942 incommunicat
928 883 955 940 ei
976 882 1009 940 in
1027 884 1090 941 lon·

57 971 218 1046 gitudine
250 975 384 1049 tantum,
416 976 447 1033 et
477 974 573 1031 altera
605 973 636 1030 in
667 972 853 1050 longitudine
886 975 917 1030 et
947 971 1090 1046 potentia.

56 1057 165 1120 Duos
197 1080 268 1138 ergo
299 1062 409 1123 notabo
442 1080 596 1136 numerus,
629 1081 755 1136 quorum
781 1061 871 1119 unius
899 1059 937 1118 ad
964 1061 1092 1119 alterurn

56 1150 235 1225 proportio
272 1170 332 1211 non
369 1152 410 1210 sit
440 1152 518 1210 sicut
549 1151 702 1226 proportio
735 1151 850 1208 numeri
883 1150 1022 1224 quadrati
1054 1148 1092 1207 ad
1106 1161 1132 1200 10

425 1802 427 1807 Ι
506 1730 590 1783 rodis
607 1730 712 1783 radicis
729 1732 767 1782 20
853 1745 866 1835 ¹e

58 1920 240 1972 11umerum
263 1915 452 1990 quadratum,
476 1934 533 1990 que
557 1915 617 1974 sint
640 1916 656 1973 b
680 1917 711 1972 et
730 1933 763 1989 p,
782 1918 812 1973 et
829 1933 940 1989 ponam
959 1933 1007 1973 eos
1027 1916 1093 1974 octo

60 1996 91 2046 0¹3
135 2001 246 2061 decem.
292 2003 333 2062 Et
354 2022 473 2080 ponam,
495 2007 532 2061 ut
554 2004 594 2063 sit
615 2003 769 2079 proportio
793 2005 810 2062 b
833 2004 871 2060 ad
891 2021 911 2076 p
932 2003 1008 2061 sicut
1026 2022 1093 2078 pro·

59 2091 185 2151 pontio
204 2091 382 2168 quadratio
400 2092 438 2150 ad
457 2091 639 2168 quadratum
657 2093 684 2150 d.
722 2090 807 2160 Quod
821 2095 878 2149 cst:
896 2091 1095 2166 multiplicam

60 2165 147 2234 duo
172 2180 203 2237 in
229 2180 302 2261 duo„
331 2184 361 2240 et
386 2181 524 2257 provenit
551 2185 694 2257 quatuor,
722 2200 812 2256 quem
834 2179 1039 2254 multiplicabo
1062 2179 1094 2236 in

60 2271 180 2326 unum
201 2268 329 2328 duorum
349 2289 548 2344 numerorum,
572 2270 671 2345 sitque
689 2270 721 2327 in
739 2269 848 2343 decem,
871 2271 902 2326 et
919 2267 1094 2342 provenient
1108 2277 1134 2319 15

61 2357 294 2434 quanmginn.
344 2358 485 2418 Dividam
515 2359 619 2434 itaque
654 2358 753 2433 ipsum
780 2377 833 2433 per
860 2357 939 2431 octe,
968 2356 1021 2431 qui
1048 2358 1095 2413 est

60 2441 226 2505 mlurerus
263 2447 352 2523 alter,
388 2450 419 2506 et
454 2448 610 2522 proveniet
645 2447 791 2523 quinque,
828 2445 912 2504 cuius
945 2463 1094 2503 assumam

61 2525 229 2616 adicem,
257 2555 315 2612 que
343 2536 383 2595 sit
409 2536 489 2594 linea
516 2538 544 2595 d.
595 2535 680 2605 Quod
708 2535 852 2609 accipiam
878 2535 958 2592 inter
980 2552 999 2592 c
1023 2534 1095 2592 etcl

61 2604 196 2682 hneam
222 2625 363 2685 continue
389 2625 655 2701 proportionalem,
683 2643 741 2700 que
769 2624 808 2681 sit
837 2641 864 2696 c,
891 2626 922 2681 et
948 2622 983 2681 fit
1009 2622 1095 2680 radix

64 2688 236 2792 (radicis)
260 2715 310 2772 20.
356 2713 569 2789 Multiplicatio
599 2714 693 2791 igitur
719 2713 814 2787 prime
841 2712 873 2768 in
899 2712 1023 2769 terciam
1050 2716 1096 2770 est
1110 2722 1135 2761 2⁰

68 2800 202 2862 ‘aunis
238 2801 482 2878 multiplicationi
516 2802 612 2861 medie
648 2802 679 2859 in
711 2820 750 2859 se.
805 2801 963 2875 Propertio
995 2804 1096 2859 autem

72 2902 300 2929 N.—

76 2985 226 3053 propono
242 2989 351 3042 numeri
368 2989 498 3057 quadrati
515 2990 707 3043 adnumerum
724 2989 898 3058 quadratum,
916 2994 996 3042 eram
1010 2989 1097 3042 latera

81 3057 182 3111 mmm
202 3061 234 3112 in
252 3060 423 3130 lcapitudiae
443 3061 678 3114 communicantia.
718 3059 796 3128 Quod
814 3060 839 3112 si
855 3059 942 3124 faerit
954 3059 1096 3127 proportio

86 3128 239 3194 “perficiet
256 3131 389 3199 wadreio
407 3131 444 3185 ad
462 3133 627 3199 euperficiem
646 3133 810 3199 quadratam
827 3146 884 3183 noo
901 3131 974 3184 celat
990 3130 1097 3183 amnesi

91 3199 218 3254 moaci
235 3202 274 3255 ad
290 3218 433 3256 cucurum
450 3203 628 3270 quadratam,
647 3203 734 3257 latera
752 3218 846 3256 aarum
864 3208 944 3255 erum
960 3202 992 3254 ia
1010 3201 1096 3270 leopi-

94 3260 185 3324 Mine
199 3272 492 3327 incommensurabilis.

102 3412 119 3466 P
138 3341 187 3463 ῃ1)
203 3341 340 3396 Eucnmne
354 3343 413 3412 X‚9
429 3342 581 3414 (ememus
595 3342 679 3413 idem,
693 3344 861 3397 Hammonis
875 3343 971 3412 X,1o).
991 3340 1096 3395 Videas

121 3442 127 3453 ·
169 3416 258 3468 Onot.
276 3420 299 3469 1.

112 3484 189 3601 ami)
203 3482 340 3607 {gemetu
353 3484 390 3609 QX,
406 3491 438 3538 11
459 3485 613 3555 (Curinus
627 3485 717 3556 item,
730 3486 911 3540 lismonam
922 3483 1037 3548 KQ·
1059 3479 1121 3526 Ἢ·

170 3569 196 3618 p.
278 3571 335 3609 no.
371 3600 375 3611 .
