2340 3834
98 171 275 228 ANARITII
293 172 550 229 COMMENTARII
567 176 617 229 AD
636 175 821 230 EUCLIDEM
838 176 905 230 LIB.
920 177 966 230 IV.
1006 176 1068 240 139

53 335 173 399 tionem
200 341 312 402 auxilio
340 342 445 419 quinte
472 344 566 419 partis
595 348 625 402 et
652 346 745 419 sexte,
773 364 841 404 cum
868 344 976 419 quibus
1003 364 1068 420 per·

58 423 162 487 ficitur
188 431 293 491 modus
323 430 505 491 describendi
534 452 626 490 unam
654 433 735 491 intra
764 433 854 492 aliam
885 435 914 491 et
943 433 1070 491 alteram

60 513 136 575 circa
163 519 266 594 aliam3
288 520 415 596 ideoque
438 522 597 580 Encnmas
625 522 726 597 posuit
748 521 802 581 hec
825 522 971 580 elementa
992 541 1069 581 eom-

63 606 196 683 muniter,
220 611 250 667 et
271 609 338 668 ideo
362 609 437 668 dixit
460 610 587 682 Ynmns,
611 609 691 686 quod
708 609 867 669 Eucnmns
886 630 945 670 non
965 611 1069 670 attulit

64 709 102 766 ca,
125 696 189 754 nisi
210 700 245 755 ut
267 697 402 757 doctrina
425 699 617 774 compleatur,
641 698 802 757 secundum
825 699 904 774 quod
927 700 958 756 in
981 699 1068 758 dictis
1095 713 1108 752 s

65 779 150 841 Yomr
173 784 330 846 invenitur.

144 872 230 932 Dixit
247 875 419 935 Eucnrnns:
438 876 554 950 Fiana
571 878 678 935 dicitnr
691 877 815 935 describi
826 878 907 936 inira
920 879 1068 946 cironlnon,

62 974 114 1017 oon
143 962 255 1033 fnerini
275 981 373 1024 cinnes
396 967 497 1040 annnii
517 966 610 1039 Jiane
631 967 784 1024 intrinsece
802 968 992 1039 continentes
1015 969 1069 1025 eir·

62 1049 269 1120 conferentiam.

145 1138 229 1198 Dixit
251 1141 385 1200 Yamus:
411 1142 491 1219 Ergo
514 1161 574 1201 non
601 1146 646 1200 est
672 1144 737 1200 tota
760 1142 908 1215 doctrina,
936 1142 1012 1200 sicut
1035 1161 1070 1200 ex
1084 1156 1110 1196 ro

65 1227 165 1284 nostro
185 1247 316 1288 sermone
340 1233 386 1288 est
406 1231 596 1306 premissum,
624 1231 720 1289 dicere
742 1230 869 1308 figuram
891 1229 1070 1305 descriptam

65 1309 140 1370 intra
171 1315 308 1376 monium
336 1322 366 1377 et
392 1318 520 1397 figuram
547 1319 726 1394 descriptam
753 1319 830 1378 circa
858 1319 1011 1389 circirlum3
1040 1322 1070 1376 et

65 1398 204 1462 circulum
217 1406 397 1482 descriptum
410 1408 489 1468 intra
502 1409 629 1486 figuram
649 1411 679 1467 et
697 1408 839 1467 circulum
852 1408 930 1466 circa
943 1406 1070 1483 figuram

66 1485 252 1570 descriptum,
283 1495 334 1555 sed
361 1496 400 1554 ad
427 1496 559 1556 doctrine
589 1495 821 1556 declarationem
843 1495 993 1555 sciendum
1016 1498 1069 1571 est,

67 1576 145 1647 quod
170 1598 262 1660 omne,
291 1584 371 1660 quod
393 1588 438 1644 est
460 1585 540 1644 intra
562 1586 689 1662 figuram
712 1588 743 1643 et
769 1585 923 1653 circulum,
951 1587 1008 1661 est,
1036 1587 1070 1641 ut
1085 1597 1110 1638 15

589 1673 691 1731 cuculi
734 1673 960 1732 circonferentia
1001 1691 1069 1731 con-

587 1762 686 1838 tingat
722 1763 847 1839 angulos
887 1762 980 1838 figure
1017 1764 1070 1819 aut

587 1850 682 1925 ipsius
700 1850 805 1909 latera.
839 1850 971 1909 Oirculus
991 1851 1069 1908 enim

587 1958 682 2014 neque
706 1940 832 2017 angulos
860 1939 950 1998 habet
973 1959 1068 2014 neque

586 2028 691 2086 latera.
1082 2041 1108 2082 oo

675 2116 720 2174 De
761 2116 879 2192 prima
915 2109 1066 2193 figura¹)

587 2203 663 2262 dixit
680 2205 808 2280 YamUS,
832 2205 912 2279 quod
930 2205 996 2280 ipsa
1015 2208 1068 2278 est,

586 2292 747 2352 secundum
789 2294 868 2368 quod
908 2293 1068 2352 Eucmnas

587 2381 671 2440 dixit.
702 2381 937 2457 verumptamen
956 2382 981 2439 si
1000 2382 1068 2456 quis

513 2483 515 2488 ·
586 2470 719 2546 posuerit
737 2473 880 2546 punctum
902 2489 993 2545 supra
1012 2471 1067 2528 eir-
1082 2483 1108 2523 25

587 2559 646 2617 culi
669 2559 938 2634 circonferentiam‚
964 2562 994 2618 et
1016 2577 1067 2618 vo·

586 2647 728 2707 luerimus
757 2648 910 2707 ostendere
937 2649 1069 2723 qualiter

587 2735 624 2793 ab
644 2755 677 2795 eo
697 2736 728 2793 in
747 2737 857 2795 circulo
875 2737 1068 2813 protrahatur

587 2824 667 2882 linea
677 2825 792 2900 equalis
803 2826 892 2884 alicui
902 2827 970 2884 date
980 2825 1066 2899 lineo,

100 2972 104 2983 ,
584 2932 641 2987 que
664 2932 725 2972 non
748 2913 787 2972 sit
806 2915 903 2972 maior
921 2915 1106 2972 diametron

87 2987 173 3069 elllllli,
192 3017 345 3074 ponemus,
369 3002 404 3058 ut
425 3004 568 3076 punctum
591 3001 695 3059 datum
718 3002 758 3060 sit
784 3006 928 3078 punctum
951 3005 981 3077 b,
1010 3023 1066 3078 que

87 3068 120 3124 θη
136 3073 256 3168 <supra>
280 3089 536 3148 circonferentiam
559 3090 664 3148 circuli
687 3092 759 3166 obp,
783 3095 812 3149 et
834 3092 914 3150 linea
933 3091 1004 3149 data
1027 3092 1067 3148 sit

89 3179 267 3216 χ.-

140 3268 160 3320 2.
176 3272 359 3348 describendi]
377 3274 548 3345 perficiendi.
567 3308 602 3315 —
625 3282 666 3330 17.
687 3276 829 3346 angulum.
848 3309 884 3316 -
903 3282 943 3331 18,
963 3276 1047 3330 latus.

90 3369 268 3405 χ

141 3465 161 3533 l)
176 3467 307 3525 Encnmns
326 3471 374 3542 IV,
395 3478 423 3527 1:
451 3473 534 3526 Intro
556 3472 652 3527 cicinno
670 3472 803 3527 ciocnlnin
825 3471 888 3526 date
904 3478 975 3526 recte
990 3472 1075 3533 lines,

88 3531 125 3584 ΨΘ
135 3531 248 3597 &ammo
260 3543 371 3597 mancine
378 3544 469 3599 onae'or
477 3545 586 3614 ennii,
602 3564 703 3619 eqnnon
716 3552 822 3604 aeduin
832 3544 941 3599 lineum
950 3547 1093 3608 coaptare.
