2340 3834
379 175 428 229 AD
447 174 632 229 EUCLIDEM
650 175 716 229 LIB.
731 174 764 229 X.
1004 174 1070 237 319

56 342 177 408 milium
215 347 246 402 et
277 343 533 421 septingentorum
565 348 595 402 et
626 342 819 421 septuaginta
848 361 913 418 sex,
950 344 1071 417 accepta

65 431 158 490 radice
182 426 305 510 totius).
347 430 422 490 Cum
446 451 516 509 ergo
539 432 637 491 minor
658 452 761 491 earum
785 452 819 489 cx
837 432 950 490 maiora
969 450 1071 489 earum

63 520 213 596 minuitur,
237 520 316 596 quod
339 524 384 580 est
400 522 584 584 residuum
603 539 715 595 aarum,
738 524 784 579 est
801 521 881 578 linea
900 523 940 579 ab
960 521 1070 596 absque

63 608 140 667 linea
164 611 215 684 tq,
236 603 240 686 Ι
261 628 320 684 que
347 613 393 667 est
415 629 471 684 op,
492 609 577 668 radix
601 610 752 686 octoginta
779 609 871 667 duum
898 608 1016 667 milium
1041 614 1071 666 et

63 700 278 774 nongentorum
296 701 327 756 et
340 698 541 776 quadraginta
557 701 686 774 quatuor
704 697 807 756 addita
821 717 910 773 super
923 700 1070 756 trecentos
1097 711 1110 750 s

63 805 96 844 ax
117 786 248 845 numeris
271 790 393 862 accepta
414 786 513 845 radice
536 788 607 862 eius,
632 786 711 862 quod
734 788 929 864 aggregatur,
952 805 987 843 ex
1010 804 1069 860 qua

63 875 100 933 sit
122 875 272 934 diminuta
292 874 377 933 radix
399 875 507 934 radicis
530 878 731 935 trecentorum
753 875 869 932 milium
892 878 922 932 et
944 873 1070 950 triginta

62 964 149 1023 unius
167 963 286 1022 milium
304 967 334 1022 εὴ
352 964 608 1041 septingentorum
626 968 656 1022 et
674 963 866 1040 septuaginta
884 980 942 1037 sex,
958 960 1071 1019 residui

62 1056 182 1128 accepta
205 1052 313 1110 radica.
354 1053 394 1110 Et
416 1053 492 1111 illud
515 1055 561 1113 est
582 1053 668 1112 radix
691 1052 923 1129 quingentorum
941 1053 973 1108 et
991 1051 1070 1109 octo·

61 1141 145 1217 ginta
172 1145 253 1216 octo,
281 1160 316 1199 ex
345 1160 406 1216 qua
428 1141 488 1201 sint
511 1142 650 1200 diminuti
672 1141 780 1218 viginti
804 1143 944 1215 quatuor,
971 1138 1070 1196 radice
1084 1156 1111 1195 ro

60 1229 172 1289 residui
194 1233 357 1306 assumpta.

147 1318 238 1377 Volo
275 1319 438 1378 invenire
469 1319 660 1378 bimedium
691 1318 884 1378 secundum
915 1319 949 1375 et
981 1315 1070 1374 resi·

62 1407 167 1466 duum
188 1406 381 1466 bimediale
405 1401 635 1485 secunduml)

149 1495 281 1573 Signabo
312 1496 413 1572 itaque
446 1497 519 1554 duas
551 1497 645 1556 lineas
679 1497 710 1554 in
741 1496 877 1572 potentia
908 1488 1069 1573 <tantum>

61 1585 311 1644 communicantes
344 1587 375 1642 et
406 1585 589 1645 continentes
621 1585 761 1660 mediale‚
792 1603 920 1661 quarum
952 1583 1070 1660 longior
1083 1597 1109 1638 15

59 1673 154 1749 possit
181 1692 273 1749 supra
300 1672 464 1732 breviorem
490 1669 601 1752 (cum)
628 1677 786 1750 augmento
815 1673 957 1749 quadrati
983 1671 1070 1746 linea,

60 1762 106 1820 cui
134 1762 252 1839 longior
278 1761 310 1819 in
332 1761 519 1839 longitudine
541 1762 785 1837 incommunicat,
813 1782 870 1839 que
893 1763 954 1822 sint
976 1763 1017 1820 ab
1041 1763 1071 1818 et

60 1853 113 1925 bg,
138 1853 168 1909 et
190 1850 251 1909 sint
272 1850 358 1908 radix
380 1850 487 1909 radicis
512 1850 667 1909 duodecim
690 1855 721 1910 et
739 1851 825 1910 radix
841 1851 950 1910 radicis
969 1849 1070 1909 trium.

61 1938 136 1998 Cum
164 1958 233 2016 ergo
258 1939 493 2016 coniunguntur,
516 1941 562 1997 est
583 1939 745 1998 bimedium
770 1941 944 2014 secundum,
973 1941 1003 1996 et
1025 1940 1071 1997 est

58 2027 143 2086 radix
165 2027 274 2104 viginti
296 2031 410 2102 septem
434 2031 463 2086 et
480 2028 566 2086 radix
583 2029 693 2106 viginti
711 2033 840 2104 quatuor
857 2023 977 2106 <radice
996 2026 1069 2101 eius,
1083 2043 1110 2082 ao

60 2116 139 2192 quod
162 2117 351 2193 aggregatur,
375 2112 527 2192 accepta),
550 2120 581 2175 et
598 2117 662 2192 ipsa
681 2121 726 2176 cst
743 2118 827 2176 radix
845 2117 936 2174 duum
953 2115 1070 2172 milium

59 2208 89 2263 et
112 2205 345 2281 quingentorum
368 2208 398 2263 et
420 2205 584 2282 nonaginta
607 2205 732 2264 duorum
755 2206 857 2264 addita
876 2223 966 2280 super
985 2202 1069 2278 quin-

59 2294 206 2370 quaginta
224 2288 326 2371 <uno>
345 2313 380 2351 ex
398 2294 528 2352 numeris
547 2297 669 2369 accepta
687 2294 785 2354 radice
798 2287 949 2372 <radicis>
963 2282 1066 2368 eius.²)

60 2381 194 2457 Summa,
232 2401 289 2457 que
320 2382 355 2441 fit
387 2402 422 2440 ex
453 2382 551 2441 radice
582 2382 691 2441 radicis
723 2383 876 2442 duodecim
908 2385 939 2440 εὴ
968 2378 1068 2439 radice

57 2470 166 2529 radicis
193 2471 299 2546 trium,
332 2474 377 2530 est
403 2470 488 2529 radix
514 2471 624 2547 viginti
652 2474 765 2546 septam
792 2475 822 2529 et
847 2469 932 2530 radix
959 2469 1068 2547 viginti
1083 2483 1108 2526 25

59 2562 189 2635 quatuor
212 2559 367 2618 coniuncte
385 2560 484 2618 radice
503 2578 605 2618 earum
624 2562 753 2635 accepta.
791 2559 865 2619 Cum
883 2578 953 2638 ergo
971 2559 1070 2618 minor

58 2667 163 2706 earum
195 2667 230 2706 ex
260 2648 372 2707 maiore
404 2652 560 2723 separatur
592 2651 637 2707 est
667 2648 816 2706 residuum
848 2668 902 2724 cy,
935 2667 992 2724 que
1024 2649 1069 2707 est

58 2731 287 2813 (residuum)
304 2736 498 2794 bimediale
517 2737 721 2811 secundum,
739 2737 823 2796 radix
841 2738 935 2796 duum
952 2737 1068 2795 milium

58 2828 89 2884 ct
113 2825 344 2901 quingentorum
368 2828 398 2882 et
419 2826 584 2903 nonaginta
607 2826 733 2885 duorum
755 2825 910 2885 diminutis
929 2845 965 2884 ex
983 2826 1067 2902 quin·

132 2999 173 3048 16.
195 2994 383 3063 augmentum.
403 3024 437 3033 -
457 2998 499 3049 28.
518 2993 680 3049 bimedium.

132 3159 992 3278 offifflfflffiffl

289 3321 855 3437 Mammam·
1056 3440 1058 3444 ,

129 3502 957 3620 εψῐέὲῒέενῆἷῇῗᾶπὶᾸΜῖ-ὴῖἳ
