<?xml version="1.0" encoding="UTF-8"?>
<!DOCTYPE html PUBLIC "-//W3C//DTD XHTML 1.0 Transitional//EN"
    "http://www.w3.org/TR/xhtml1/DTD/xhtml1-transitional.dtd">
<html xmlns="http://www.w3.org/1999/xhtml" xml:lang="en" lang="en">
 <head>
  <title>
</title>
<meta http-equiv="Content-Type" content="text/html;charset=utf-8" />
  <meta name='ocr-system' content='tesseract 3.04.00' />
  <meta name='ocr-capabilities' content='ocr_page ocr_carea ocr_par ocr_line ocrx_word'/>
</head>
<body>
  <div class='ocr_page' id='page_1' title='image "./euclidisoperaom14unkngoog_0055.png"; bbox 0 0 2340 3834; ppageno 0'>
   <div class='ocr_carea' id='block_1_1' title="bbox 101 141 825 206">
    <p class='ocr_par' dir='ltr' id='par_1_1' title="bbox 101 141 825 206">
     <span class='ocr_line' id='line_1_1' title="bbox 101 141 825 206; baseline 0.001 -10"><span class='ocrx_word' id='word_1_1' title='bbox 101 143 142 206; x_wconf 88' lang='lat'>18</span> <span class='ocrx_word' id='word_1_2' title='bbox 385 142 551 197; x_wconf 83' lang='lat' dir='ltr'><strong>ANARITII</strong></span> <span class='ocrx_word' id='word_1_3' title='bbox 570 141 825 198; x_wconf 84' lang='lat' dir='ltr'>COMMENTARH</span> 
     </span>
    </p>
   </div>
   <div class='ocr_carea' id='block_1_2' title="bbox 60 310 1118 3313">
    <p class='ocr_par' dir='ltr' id='par_1_2' title="bbox 99 310 1115 655">
     <span class='ocr_line' id='line_1_2' title="bbox 167 310 1115 388; baseline 0.003 -19"><span class='ocrx_word' id='word_1_4' title='bbox 167 310 253 380; x_wconf 83' lang='lat' dir='ltr'>Quod</span> <span class='ocrx_word' id='word_1_5' title='bbox 276 313 377 369; x_wconf 88' lang='lat' dir='ltr'>autem</span> <span class='ocrx_word' id='word_1_6' title='bbox 400 311 475 369; x_wconf 80' lang='lat' dir='ltr'>dixit</span> <span class='ocrx_word' id='word_1_7' title='bbox 498 310 741 386; x_wconf 73' lang='lat' dir='ltr'>SauanmchS,</span> <span class='ocrx_word' id='word_1_8' title='bbox 765 313 810 370; x_wconf 91' lang='lat' dir='ltr'>est</span> <span class='ocrx_word' id='word_1_9' title='bbox 832 315 954 387; x_wconf 86' lang='lat' dir='ltr'>propter</span> <span class='ocrx_word' id='word_1_10' title='bbox 977 310 1115 388; x_wconf 88' lang='lat' dir='ltr'>circulos,</span> 
     </span>
     <span class='ocr_line' id='line_1_3' title="bbox 100 399 1113 476; baseline 0.003 -18"><span class='ocrx_word' id='word_1_11' title='bbox 100 399 153 475; x_wconf 91' lang='lat' dir='ltr'>qui</span> <span class='ocrx_word' id='word_1_12' title='bbox 181 403 251 458; x_wconf 91' lang='lat' dir='ltr'>sunt</span> <span class='ocrx_word' id='word_1_13' title='bbox 278 399 310 457; x_wconf 91' lang='lat' dir='ltr'>in</span> <span class='ocrx_word' id='word_1_14' title='bbox 334 417 434 474; x_wconf 87' lang='lat' dir='ltr'>spera,</span> <span class='ocrx_word' id='word_1_15' title='bbox 462 399 533 474; x_wconf 87' lang='lat' dir='ltr'>quia</span> <span class='ocrx_word' id='word_1_16' title='bbox 555 419 615 458; x_wconf 90' lang='lat' dir='ltr'>non</span> <span class='ocrx_word' id='word_1_17' title='bbox 637 400 833 459; x_wconf 89' lang='lat' dir='ltr'>inveniuntur</span> <span class='ocrx_word' id='word_1_18' title='bbox 854 404 967 476; x_wconf 90' lang='lat' dir='ltr'>puncta</span> <span class='ocrx_word' id='word_1_19' title='bbox 989 400 1113 461; x_wconf 89' lang='lat' dir='ltr'>illorum</span> 
     </span>
     <span class='ocr_line' id='line_1_4' title="bbox 100 488 1113 566; baseline 0.003 -20"><span class='ocrx_word' id='word_1_20' title='bbox 100 489 278 547; x_wconf 89' lang='lat' dir='ltr'>circulorum</span> <span class='ocrx_word' id='word_1_21' title='bbox 300 488 332 545; x_wconf 90' lang='lat' dir='ltr'>in</span> <span class='ocrx_word' id='word_1_22' title='bbox 353 488 506 563; x_wconf 88' lang='lat' dir='ltr'>superficie</span> <span class='ocrx_word' id='word_1_23' title='bbox 526 507 610 564; x_wconf 90' lang='lat' dir='ltr'>spere</span> <span class='ocrx_word' id='word_1_24' title='bbox 627 489 660 546; x_wconf 96' lang='lat' dir='ltr'>in</span> <span class='ocrx_word' id='word_1_25' title='bbox 679 489 792 547; x_wconf 88' lang='lat' dir='ltr'>duabus</span> <span class='ocrx_word' id='word_1_26' title='bbox 811 489 945 564; x_wconf 82' lang='lat' dir='ltr'>partibus</span> <span class='ocrx_word' id='word_1_27' title='bbox 964 488 1025 547; x_wconf 89' lang='lat' dir='ltr'>nisi</span> <span class='ocrx_word' id='word_1_28' title='bbox 1044 490 1113 566; x_wconf 88' lang='lat' dir='ltr'>duo,</span> 
     </span>
     <span class='ocr_line' id='line_1_5' title="bbox 99 576 1114 655; baseline 0.002 -19"><span class='ocrx_word' id='word_1_29' title='bbox 99 577 151 636; x_wconf 89' lang='lat' dir='ltr'>sed</span> <span class='ocrx_word' id='word_1_30' title='bbox 174 577 200 635; x_wconf 91' lang='lat' dir='ltr'>si</span> <span class='ocrx_word' id='word_1_31' title='bbox 222 576 484 652; x_wconf 68' lang='lat' dir='ltr'>perpendicularis</span> <span class='ocrx_word' id='word_1_32' title='bbox 508 597 566 652; x_wconf 92' lang='lat' dir='ltr'>que</span> <span class='ocrx_word' id='word_1_33' title='bbox 590 581 634 636; x_wconf 92' lang='lat' dir='ltr'>est</span> <span class='ocrx_word' id='word_1_34' title='bbox 653 596 743 653; x_wconf 86' lang='lat' dir='ltr'>supra</span> <span class='ocrx_word' id='word_1_35' title='bbox 762 581 903 654; x_wconf 86' lang='lat' dir='ltr'>centrum,</span> <span class='ocrx_word' id='word_1_36' title='bbox 927 577 964 636; x_wconf 88' lang='lat' dir='ltr'>ab</span> <span class='ocrx_word' id='word_1_37' title='bbox 983 581 1114 655; x_wconf 87' lang='lat' dir='ltr'>utraque</span> 
     </span>
    </p>

    <p class='ocr_par' dir='ltr' id='par_1_3' title="bbox 60 665 1118 3313">
     <span class='ocr_line' id='line_1_6' title="bbox 73 665 1116 742; baseline 0.002 -18"><span class='ocrx_word' id='word_1_38' title='bbox 73 669 184 742; x_wconf 66' lang='lat' dir='ltr'>sparte</span> <span class='ocrx_word' id='word_1_39' title='bbox 216 666 248 723; x_wconf 91' lang='lat' dir='ltr'>in</span> <span class='ocrx_word' id='word_1_40' title='bbox 279 665 428 724; x_wconf 89' lang='lat' dir='ltr'>infinitum</span> <span class='ocrx_word' id='word_1_41' title='bbox 459 668 664 741; x_wconf 73' lang='lat' dir='ltr'>protrahatur,</span> <span class='ocrx_word' id='word_1_42' title='bbox 700 667 790 742; x_wconf 90' lang='lat' dir='ltr'>linee,</span> <span class='ocrx_word' id='word_1_43' title='bbox 828 686 884 742; x_wconf 89' lang='lat' dir='ltr'>que</span> <span class='ocrx_word' id='word_1_44' title='bbox 917 667 954 724; x_wconf 88' lang='lat' dir='ltr'>ab</span> <span class='ocrx_word' id='word_1_45' title='bbox 988 667 1116 726; x_wconf 85' lang='lat' dir='ltr'>infinitis</span> 
     </span>
     <span class='ocr_line' id='line_1_7' title="bbox 99 755 1114 831; baseline 0.003 -19"><span class='ocrx_word' id='word_1_46' title='bbox 99 755 226 830; x_wconf 88' lang='lat' dir='ltr'>punctis,</span> <span class='ocrx_word' id='word_1_47' title='bbox 250 774 306 829; x_wconf 90' lang='lat' dir='ltr'>que</span> <span class='ocrx_word' id='word_1_48' title='bbox 330 755 452 812; x_wconf 89' lang='lat' dir='ltr'>suntin</span> <span class='ocrx_word' id='word_1_49' title='bbox 475 756 555 813; x_wconf 91' lang='lat' dir='ltr'>linea</span> <span class='ocrx_word' id='word_1_50' title='bbox 578 755 615 813; x_wconf 88' lang='lat' dir='ltr'>ab</span> <span class='ocrx_word' id='word_1_51' title='bbox 639 759 768 830; x_wconf 86' lang='lat' dir='ltr'>utraque</span> <span class='ocrx_word' id='word_1_52' title='bbox 790 758 885 831; x_wconf 83' lang='lat' dir='ltr'>parte,</span> <span class='ocrx_word' id='word_1_53' title='bbox 909 755 947 813; x_wconf 91' lang='lat' dir='ltr'>ad</span> <span class='ocrx_word' id='word_1_54' title='bbox 971 755 1114 816; x_wconf 87' lang='lat' dir='ltr'>circonfe-</span> 
     </span>
     <span class='ocr_line' id='line_1_8' title="bbox 100 842 1112 919; baseline 0.003 -18"><span class='ocrx_word' id='word_1_55' title='bbox 100 843 227 902; x_wconf 88' lang='lat' dir='ltr'>rentiam</span> <span class='ocrx_word' id='word_1_56' title='bbox 250 844 475 919; x_wconf 85' lang='lat' dir='ltr'>protrahuntur,</span> <span class='ocrx_word' id='word_1_57' title='bbox 505 847 574 902; x_wconf 90' lang='lat' dir='ltr'>sunt</span> <span class='ocrx_word' id='word_1_58' title='bbox 597 845 726 919; x_wconf 82' lang='lat' dir='ltr'>equales.</span> <span class='ocrx_word' id='word_1_59' title='bbox 769 842 852 912; x_wconf 80' lang='lat' dir='ltr'>Quod</span> <span class='ocrx_word' id='word_1_60' title='bbox 876 847 978 902; x_wconf 86' lang='lat' dir='ltr'>autem</span> <span class='ocrx_word' id='word_1_61' title='bbox 1001 845 1112 904; x_wconf 87' lang='lat' dir='ltr'>circon-</span> 
     </span>
     <span class='ocr_line' id='line_1_9' title="bbox 99 932 1114 1008; baseline 0.004 -19"><span class='ocrx_word' id='word_1_62' title='bbox 99 933 257 990; x_wconf 86' lang='lat' dir='ltr'>ferentiam</span> <span class='ocrx_word' id='word_1_63' title='bbox 283 932 500 991; x_wconf 81' lang='lat' dir='ltr'>nominavimus</span> <span class='ocrx_word' id='word_1_64' title='bbox 524 933 677 1007; x_wconf 85' lang='lat' dir='ltr'>circulum,</span> <span class='ocrx_word' id='word_1_65' title='bbox 699 951 759 990; x_wconf 90' lang='lat' dir='ltr'>non</span> <span class='ocrx_word' id='word_1_66' title='bbox 781 933 913 1008; x_wconf 88' lang='lat' dir='ltr'>proprie,</span> <span class='ocrx_word' id='word_1_67' title='bbox 942 933 994 991; x_wconf 88' lang='lat' dir='ltr'>sed</span> <span class='ocrx_word' id='word_1_68' title='bbox 1016 935 1114 993; x_wconf 84' lang='lat' dir='ltr'>trans·</span> 
     </span>
     <span class='ocr_line' id='line_1_10' title="bbox 101 1020 1115 1098; baseline 0.002 -18"><span class='ocrx_word' id='word_1_69' title='bbox 101 1021 247 1096; x_wconf 90' lang='lat' dir='ltr'>sumptive</span> <span class='ocrx_word' id='word_1_70' title='bbox 261 1021 392 1080; x_wconf 84' lang='lat' dir='ltr'>fecimus.</span> <span class='ocrx_word' id='word_1_71' title='bbox 426 1020 511 1090; x_wconf 85' lang='lat' dir='ltr'>Quod</span> <span class='ocrx_word' id='word_1_72' title='bbox 523 1023 624 1079; x_wconf 91' lang='lat' dir='ltr'>tamen</span> <span class='ocrx_word' id='word_1_73' title='bbox 633 1023 747 1080; x_wconf 89' lang='lat' dir='ltr'>factum</span> <span class='ocrx_word' id='word_1_74' title='bbox 758 1023 803 1079; x_wconf 88' lang='lat' dir='ltr'>est</span> <span class='ocrx_word' id='word_1_75' title='bbox 811 1025 933 1096; x_wconf 91' lang='lat' dir='ltr'>propter</span> <span class='ocrx_word' id='word_1_76' title='bbox 943 1021 1115 1098; x_wconf 76' lang='lat' dir='ltr'>sectionem,</span> 
     </span>
     <span class='ocr_line' id='line_1_11' title="bbox 61 1109 1114 1185; baseline 0.008 -23"><span class='ocrx_word' id='word_1_77' title='bbox 61 1123 87 1162; x_wconf 84' lang='lat' dir='ltr'>ro</span> <span class='ocrx_word' id='word_1_78' title='bbox 101 1129 157 1184; x_wconf 90' lang='lat' dir='ltr'>que</span> <span class='ocrx_word' id='word_1_79' title='bbox 177 1109 399 1169; x_wconf 86' lang='lat' dir='ltr'>circonferentie</span> <span class='ocrx_word' id='word_1_80' title='bbox 419 1110 535 1185; x_wconf 87' lang='lat' dir='ltr'>accidit,</span> <span class='ocrx_word' id='word_1_81' title='bbox 555 1113 585 1168; x_wconf 91' lang='lat' dir='ltr'>et</span> <span class='ocrx_word' id='word_1_82' title='bbox 604 1110 674 1185; x_wconf 86' lang='lat' dir='ltr'>quia</span> <span class='ocrx_word' id='word_1_83' title='bbox 693 1111 784 1168; x_wconf 85' lang='lat' dir='ltr'>etiam</span> <span class='ocrx_word' id='word_1_84' title='bbox 801 1110 984 1169; x_wconf 84' lang='lat' dir='ltr'>inveniemus</span> <span class='ocrx_word' id='word_1_85' title='bbox 999 1111 1114 1170; x_wconf 80' lang='lat' dir='ltr'>Euom-</span> 
     </span>
     <span class='ocr_line' id='line_1_12' title="bbox 100 1198 1116 1275; baseline 0.002 -19"><span class='ocrx_word' id='word_1_86' title='bbox 100 1217 165 1256; x_wconf 82' lang='lat' dir='ltr'>nuu</span> <span class='ocrx_word' id='word_1_87' title='bbox 187 1199 355 1259; x_wconf 85' lang='lat' dir='ltr'>nominasse</span> <span class='ocrx_word' id='word_1_88' title='bbox 379 1198 635 1257; x_wconf 86' lang='lat' dir='ltr'>circonferentiam</span> <span class='ocrx_word' id='word_1_89' title='bbox 658 1199 814 1273; x_wconf 90' lang='lat' dir='ltr'>circulum,</span> <span class='ocrx_word' id='word_1_90' title='bbox 841 1199 893 1257; x_wconf 95' lang='lat' dir='ltr'>ubi</span> <span class='ocrx_word' id='word_1_91' title='bbox 915 1198 1003 1273; x_wconf 85' lang='lat' dir='ltr'>dixit,</span> <span class='ocrx_word' id='word_1_92' title='bbox 1032 1199 1116 1275; x_wconf 90' lang='lat' dir='ltr'>quod</span> 
     </span>
     <span class='ocr_line' id='line_1_13' title="bbox 100 1287 1117 1368; baseline 0.003 -23"><span class='ocrx_word' id='word_1_93' title='bbox 100 1287 230 1368; x_wconf 89' lang='lat' dir='ltr'>circulus</span> <span class='ocrx_word' id='word_1_94' title='bbox 253 1307 312 1346; x_wconf 90' lang='lat' dir='ltr'>non</span> <span class='ocrx_word' id='word_1_95' title='bbox 335 1290 414 1345; x_wconf 89' lang='lat' dir='ltr'>secet</span> <span class='ocrx_word' id='word_1_96' title='bbox 437 1287 578 1346; x_wconf 90' lang='lat' dir='ltr'>circulum</span> <span class='ocrx_word' id='word_1_97' title='bbox 598 1287 656 1346; x_wconf 93' lang='lat' dir='ltr'>nisi</span> <span class='ocrx_word' id='word_1_98' title='bbox 674 1288 706 1345; x_wconf 94' lang='lat' dir='ltr'>in</span> <span class='ocrx_word' id='word_1_99' title='bbox 725 1287 839 1346; x_wconf 88' lang='lat' dir='ltr'>duobus</span> <span class='ocrx_word' id='word_1_100' title='bbox 858 1289 983 1362; x_wconf 90' lang='lat' dir='ltr'>punctis.</span> <span class='ocrx_word' id='word_1_101' title='bbox 1025 1288 1117 1348; x_wconf 85' lang='lat' dir='ltr'>Nunc</span> 
     </span>
     <span class='ocr_line' id='line_1_14' title="bbox 100 1371 1117 1454; baseline 0.002 -20"><span class='ocrx_word' id='word_1_102' title='bbox 100 1396 171 1454; x_wconf 85' lang='lat' dir='ltr'>ergo</span> <span class='ocrx_word' id='word_1_103' title='bbox 199 1394 272 1452; x_wconf 93' lang='lat' dir='ltr'>opus</span> <span class='ocrx_word' id='word_1_104' title='bbox 299 1371 401 1452; x_wconf 82' lang='lat' dir='ltr'>&lt;est&gt;,</span> <span class='ocrx_word' id='word_1_105' title='bbox 429 1379 464 1434; x_wconf 91' lang='lat' dir='ltr'>ut</span> <span class='ocrx_word' id='word_1_106' title='bbox 491 1376 672 1434; x_wconf 85' lang='lat' dir='ltr'>diffiniamus</span> <span class='ocrx_word' id='word_1_107' title='bbox 699 1376 777 1434; x_wconf 90' lang='lat' dir='ltr'>hunc</span> <span class='ocrx_word' id='word_1_108' title='bbox 804 1377 948 1434; x_wconf 89' lang='lat' dir='ltr'>circulum</span> <span class='ocrx_word' id='word_1_109' title='bbox 972 1375 1117 1452; x_wconf 68' lang='lat' dir='ltr'>dicentes</span> 
     </span>
     <span class='ocr_line' id='line_1_15' title="bbox 99 1463 1115 1541; baseline 0.002 -18"><span class='ocrx_word' id='word_1_110' title='bbox 99 1465 197 1541; x_wconf 91' lang='lat' dir='ltr'>ipsum</span> <span class='ocrx_word' id='word_1_111' title='bbox 220 1483 282 1523; x_wconf 90' lang='lat' dir='ltr'>esse</span> <span class='ocrx_word' id='word_1_112' title='bbox 304 1464 432 1541; x_wconf 85' lang='lat' dir='ltr'>figuram</span> <span class='ocrx_word' id='word_1_113' title='bbox 455 1465 589 1524; x_wconf 84' lang='lat' dir='ltr'>absolute</span> <span class='ocrx_word' id='word_1_114' title='bbox 613 1468 666 1523; x_wconf 86' lang='lat' dir='ltr'>aut</span> <span class='ocrx_word' id='word_1_115' title='bbox 689 1463 886 1540; x_wconf 70' lang='lat' dir='ltr'>superficiem,</span> <span class='ocrx_word' id='word_1_116' title='bbox 910 1465 961 1522; x_wconf 90' lang='lat' dir='ltr'>sed</span> <span class='ocrx_word' id='word_1_117' title='bbox 984 1469 1115 1541; x_wconf 80' lang='lat' dir='ltr'>oportet,</span> 
     </span>
     <span class='ocr_line' id='line_1_16' title="bbox 60 1552 1114 1628; baseline 0.003 -17"><span class='ocrx_word' id='word_1_118' title='bbox 60 1567 85 1605; x_wconf 79' lang='lat'>15</span> <span class='ocrx_word' id='word_1_119' title='bbox 100 1556 134 1611; x_wconf 90' lang='lat' dir='ltr'>ut</span> <span class='ocrx_word' id='word_1_120' title='bbox 157 1552 337 1612; x_wconf 81' lang='lat' dir='ltr'>diffiniamus</span> <span class='ocrx_word' id='word_1_121' title='bbox 361 1554 449 1611; x_wconf 91' lang='lat' dir='ltr'>simul</span> <span class='ocrx_word' id='word_1_122' title='bbox 468 1554 606 1628; x_wconf 70' lang='lat' dir='ltr'>dicentes</span> <span class='ocrx_word' id='word_1_123' title='bbox 630 1553 709 1628; x_wconf 92' lang='lat' dir='ltr'>quod</span> <span class='ocrx_word' id='word_1_124' title='bbox 727 1553 785 1628; x_wconf 92' lang='lat' dir='ltr'>ipsi</span> <span class='ocrx_word' id='word_1_125' title='bbox 805 1557 849 1612; x_wconf 93' lang='lat' dir='ltr'>est</span> <span class='ocrx_word' id='word_1_126' title='bbox 868 1553 1013 1611; x_wconf 88' lang='lat' dir='ltr'>terminus</span> <span class='ocrx_word' id='word_1_127' title='bbox 1032 1573 1114 1614; x_wconf 86' lang='lat' dir='ltr'>unus</span> 
     </span>
     <span class='ocr_line' id='line_1_17' title="bbox 100 1642 1113 1718; baseline 0.001 -17"><span class='ocrx_word' id='word_1_128' title='bbox 100 1646 130 1701; x_wconf 92' lang='lat' dir='ltr'>et</span> <span class='ocrx_word' id='word_1_129' title='bbox 166 1660 225 1699; x_wconf 82' lang='lat' dir='ltr'>una</span> <span class='ocrx_word' id='word_1_130' title='bbox 261 1642 340 1699; x_wconf 88' lang='lat' dir='ltr'>linea</span> <span class='ocrx_word' id='word_1_131' title='bbox 375 1643 623 1717; x_wconf 89' lang='lat' dir='ltr'>comprehendens</span> <span class='ocrx_word' id='word_1_132' title='bbox 652 1642 793 1718; x_wconf 83' lang='lat' dir='ltr'>figuram,</span> <span class='ocrx_word' id='word_1_133' title='bbox 828 1642 909 1700; x_wconf 89' lang='lat' dir='ltr'>intra</span> <span class='ocrx_word' id='word_1_134' title='bbox 941 1661 1032 1716; x_wconf 84' lang='lat' dir='ltr'>quam</span> <span class='ocrx_word' id='word_1_135' title='bbox 1066 1646 1113 1702; x_wconf 88' lang='lat' dir='ltr'>est</span> 
     </span>
     <span class='ocr_line' id='line_1_18' title="bbox 99 1730 1114 1806; baseline 0.002 -18"><span class='ocrx_word' id='word_1_136' title='bbox 99 1733 243 1806; x_wconf 90' lang='lat' dir='ltr'>punctum</span> <span class='ocrx_word' id='word_1_137' title='bbox 266 1749 366 1805; x_wconf 91' lang='lat' dir='ltr'>unum,</span> <span class='ocrx_word' id='word_1_138' title='bbox 390 1750 407 1788; x_wconf 87' lang='lat' dir='ltr'>a</span> <span class='ocrx_word' id='word_1_139' title='bbox 431 1750 490 1805; x_wconf 92' lang='lat' dir='ltr'>quo</span> <span class='ocrx_word' id='word_1_140' title='bbox 514 1749 614 1789; x_wconf 90' lang='lat' dir='ltr'>omnes</span> <span class='ocrx_word' id='word_1_141' title='bbox 636 1731 714 1788; x_wconf 89' lang='lat' dir='ltr'>linee</span> <span class='ocrx_word' id='word_1_142' title='bbox 737 1733 886 1804; x_wconf 81' lang='lat' dir='ltr'>protracte</span> <span class='ocrx_word' id='word_1_143' title='bbox 906 1730 992 1788; x_wconf 87' lang='lat' dir='ltr'>etad</span> <span class='ocrx_word' id='word_1_144' title='bbox 1011 1730 1114 1806; x_wconf 89' lang='lat' dir='ltr'>ipsum</span> 
     </span>
     <span class='ocr_line' id='line_1_19' title="bbox 99 1819 1111 1895; baseline 0.002 -19"><span class='ocrx_word' id='word_1_145' title='bbox 99 1819 306 1894; x_wconf 90' lang='lat' dir='ltr'>provenientes</span> <span class='ocrx_word' id='word_1_146' title='bbox 329 1821 400 1876; x_wconf 88' lang='lat' dir='ltr'>sunt</span> <span class='ocrx_word' id='word_1_147' title='bbox 423 1820 551 1894; x_wconf 88' lang='lat' dir='ltr'>equales.</span> <span class='ocrx_word' id='word_1_148' title='bbox 593 1819 629 1876; x_wconf 91' lang='lat' dir='ltr'>In</span> <span class='ocrx_word' id='word_1_149' title='bbox 649 1819 873 1895; x_wconf 85' lang='lat' dir='ltr'>precedentibus</span> <span class='ocrx_word' id='word_1_150' title='bbox 893 1823 992 1877; x_wconf 88' lang='lat' dir='ltr'>autem</span> <span class='ocrx_word' id='word_1_151' title='bbox 1012 1822 1111 1879; x_wconf 89' lang='lat' dir='ltr'>osten-</span> 
     </span>
     <span class='ocr_line' id='line_1_20' title="bbox 100 1907 1114 1985; baseline 0.001 -19"><span class='ocrx_word' id='word_1_152' title='bbox 100 1927 165 1966; x_wconf 90' lang='lat' dir='ltr'>sum</span> <span class='ocrx_word' id='word_1_153' title='bbox 188 1910 244 1982; x_wconf 90' lang='lat' dir='ltr'>est,</span> <span class='ocrx_word' id='word_1_154' title='bbox 271 1908 350 1982; x_wconf 91' lang='lat' dir='ltr'>quod</span> <span class='ocrx_word' id='word_1_155' title='bbox 371 1908 470 1985; x_wconf 83' lang='lat' dir='ltr'>figura</span> <span class='ocrx_word' id='word_1_156' title='bbox 493 1908 592 1966; x_wconf 89' lang='lat' dir='ltr'>estid</span> <span class='ocrx_word' id='word_1_157' title='bbox 615 1909 717 1982; x_wconf 89' lang='lat' dir='ltr'>solum,</span> <span class='ocrx_word' id='word_1_158' title='bbox 741 1907 821 1982; x_wconf 91' lang='lat' dir='ltr'>quod</span> <span class='ocrx_word' id='word_1_159' title='bbox 844 1908 1114 1982; x_wconf 88' lang='lat' dir='ltr'>comprehenditur.</span> 
     </span>
     <span class='ocr_line' id='line_1_21' title="bbox 61 1995 1111 2071; baseline 0.007 -22"><span class='ocrx_word' id='word_1_160' title='bbox 61 2011 86 2050; x_wconf 80' lang='lat' dir='ltr'>eo</span> <span class='ocrx_word' id='word_1_161' title='bbox 100 1995 197 2071; x_wconf 86' lang='lat' dir='ltr'>Unde,</span> <span class='ocrx_word' id='word_1_162' title='bbox 233 1996 305 2054; x_wconf 90' lang='lat' dir='ltr'>licet</span> <span class='ocrx_word' id='word_1_163' title='bbox 339 1997 393 2054; x_wconf 91' lang='lat' dir='ltr'>hec</span> <span class='ocrx_word' id='word_1_164' title='bbox 426 1996 565 2055; x_wconf 88' lang='lat' dir='ltr'>diffinitio</span> <span class='ocrx_word' id='word_1_165' title='bbox 599 1996 857 2071; x_wconf 89' lang='lat' dir='ltr'>comprehendenti</span> <span class='ocrx_word' id='word_1_166' title='bbox 889 1999 1009 2054; x_wconf 85' lang='lat' dir='ltr'>tantum</span> <span class='ocrx_word' id='word_1_167' title='bbox 1042 2016 1111 2056; x_wconf 92' lang='lat' dir='ltr'>con·</span> 
     </span>
     <span class='ocr_line' id='line_1_22' title="bbox 100 2077 1115 2165; baseline 0 -22"><span class='ocrx_word' id='word_1_168' title='bbox 100 2085 220 2143; x_wconf 89' lang='lat' dir='ltr'>veniens</span> <span class='ocrx_word' id='word_1_169' title='bbox 247 2085 354 2160; x_wconf 87' lang='lat' dir='ltr'>figure,</span> <span class='ocrx_word' id='word_1_170' title='bbox 387 2104 453 2143; x_wconf 94' lang='lat' dir='ltr'>cum</span> <span class='ocrx_word' id='word_1_171' title='bbox 482 2104 541 2142; x_wconf 92' lang='lat' dir='ltr'>non</span> <span class='ocrx_word' id='word_1_172' title='bbox 571 2087 628 2159; x_wconf 90' lang='lat' dir='ltr'>est,</span> <span class='ocrx_word' id='word_1_173' title='bbox 660 2085 718 2143; x_wconf 87' lang='lat' dir='ltr'>nisi</span> <span class='ocrx_word' id='word_1_174' title='bbox 747 2085 866 2142; x_wconf 91' lang='lat' dir='ltr'>videtur</span> <span class='ocrx_word' id='word_1_175' title='bbox 891 2084 989 2160; x_wconf 82' lang='lat' dir='ltr'>figura</span> <span class='ocrx_word' id='word_1_176' title='bbox 1018 2077 1115 2165; x_wconf 81' lang='lat' dir='ltr'>(enirn</span> 
     </span>
     <span class='ocr_line' id='line_1_23' title="bbox 100 2169 1114 2250; baseline 0.004 -19"><span class='ocrx_word' id='word_1_177' title='bbox 100 2193 159 2233; x_wconf 90' lang='lat' dir='ltr'>non</span> <span class='ocrx_word' id='word_1_178' title='bbox 181 2173 319 2248; x_wconf 92' lang='lat' dir='ltr'>provenit</span> <span class='ocrx_word' id='word_1_179' title='bbox 341 2173 437 2250; x_wconf 81' lang='lat' dir='ltr'>figura</span> <span class='ocrx_word' id='word_1_180' title='bbox 459 2173 517 2232; x_wconf 91' lang='lat' dir='ltr'>nisi</span> <span class='ocrx_word' id='word_1_181' title='bbox 539 2173 615 2248; x_wconf 90' lang='lat' dir='ltr'>ideo,</span> <span class='ocrx_word' id='word_1_182' title='bbox 640 2174 718 2248; x_wconf 90' lang='lat' dir='ltr'>quod</span> <span class='ocrx_word' id='word_1_183' title='bbox 740 2176 785 2231; x_wconf 90' lang='lat' dir='ltr'>est</span> <span class='ocrx_word' id='word_1_184' title='bbox 803 2169 1043 2250; x_wconf 84' lang='lat' dir='ltr'>comprehensa):</span> <span class='ocrx_word' id='word_1_185' title='bbox 1068 2178 1114 2234; x_wconf 89' lang='lat' dir='ltr'>est</span> 
     </span>
     <span class='ocr_line' id='line_1_24' title="bbox 101 2261 1118 2339; baseline 0.002 -19"><span class='ocrx_word' id='word_1_186' title='bbox 101 2281 169 2339; x_wconf 86' lang='lat' dir='ltr'>ergo</span> <span class='ocrx_word' id='word_1_187' title='bbox 188 2262 406 2337; x_wconf 89' lang='lat' dir='ltr'>inquirendum,</span> <span class='ocrx_word' id='word_1_188' title='bbox 430 2281 521 2338; x_wconf 85' lang='lat' dir='ltr'>quare</span> <span class='ocrx_word' id='word_1_189' title='bbox 539 2262 570 2320; x_wconf 90' lang='lat' dir='ltr'>in</span> <span class='ocrx_word' id='word_1_190' title='bbox 589 2263 674 2321; x_wconf 89' lang='lat' dir='ltr'>lineis</span> <span class='ocrx_word' id='word_1_191' title='bbox 693 2262 774 2320; x_wconf 85' lang='lat' dir='ltr'>linea</span> <span class='ocrx_word' id='word_1_192' title='bbox 791 2265 873 2320; x_wconf 85' lang='lat' dir='ltr'>recta</span> <span class='ocrx_word' id='word_1_193' title='bbox 891 2262 931 2320; x_wconf 90' lang='lat' dir='ltr'>sit</span> <span class='ocrx_word' id='word_1_194' title='bbox 949 2261 1118 2337; x_wconf 86' lang='lat' dir='ltr'>simplicior</span> 
     </span>
     <span class='ocr_line' id='line_1_25' title="bbox 100 2345 1114 2430; baseline 0.002 -22"><span class='ocrx_word' id='word_1_195' title='bbox 100 2351 180 2409; x_wconf 84' lang='lat' dir='ltr'>linea</span> <span class='ocrx_word' id='word_1_196' title='bbox 207 2351 393 2426; x_wconf 78' lang='lat' dir='ltr'>circunflexo,</span> <span class='ocrx_word' id='word_1_197' title='bbox 422 2354 452 2409; x_wconf 90' lang='lat' dir='ltr'>et</span> <span class='ocrx_word' id='word_1_198' title='bbox 478 2351 510 2408; x_wconf 95' lang='lat' dir='ltr'>in</span> <span class='ocrx_word' id='word_1_199' title='bbox 537 2351 673 2410; x_wconf 92' lang='lat' dir='ltr'>rotundis</span> <span class='ocrx_word' id='word_1_200' title='bbox 700 2351 802 2426; x_wconf 84' lang='lat' dir='ltr'>figuris</span> <span class='ocrx_word' id='word_1_201' title='bbox 831 2351 871 2409; x_wconf 91' lang='lat' dir='ltr'>sit</span> <span class='ocrx_word' id='word_1_202' title='bbox 895 2345 1114 2430; x_wconf 78' lang='lat' dir='ltr'>&lt;circonflexa&gt;</span> 
     </span>
     <span class='ocr_line' id='line_1_26' title="bbox 61 2439 1116 2515; baseline 0.005 -20"><span class='ocrx_word' id='word_1_203' title='bbox 61 2454 86 2494; x_wconf 76' lang='lat'>25</span> <span class='ocrx_word' id='word_1_204' title='bbox 102 2439 265 2515; x_wconf 85' lang='lat' dir='ltr'>simplicior</span> <span class='ocrx_word' id='word_1_205' title='bbox 285 2439 381 2497; x_wconf 89' lang='lat' dir='ltr'>rectis.</span> <span class='ocrx_word' id='word_1_206' title='bbox 422 2440 486 2497; x_wconf 93' lang='lat' dir='ltr'>Hoc</span> <span class='ocrx_word' id='word_1_207' title='bbox 505 2442 605 2498; x_wconf 87' lang='lat' dir='ltr'>autem</span> <span class='ocrx_word' id='word_1_208' title='bbox 625 2440 691 2497; x_wconf 92' lang='lat' dir='ltr'>ideo</span> <span class='ocrx_word' id='word_1_209' title='bbox 711 2442 764 2514; x_wconf 90' lang='lat' dir='ltr'>est,</span> <span class='ocrx_word' id='word_1_210' title='bbox 783 2439 925 2514; x_wconf 86' lang='lat' dir='ltr'>quoniam</span> <span class='ocrx_word' id='word_1_211' title='bbox 943 2439 1116 2500; x_wconf 86' lang='lat' dir='ltr'>invenimus</span> 
     </span>
     <span class='ocr_line' id='line_1_27' title="bbox 101 2528 1114 2603; baseline 0.003 -18"><span class='ocrx_word' id='word_1_212' title='bbox 101 2528 246 2585; x_wconf 92' lang='lat' dir='ltr'>circulum</span> <span class='ocrx_word' id='word_1_213' title='bbox 273 2528 310 2585; x_wconf 90' lang='lat' dir='ltr'>ab</span> <span class='ocrx_word' id='word_1_214' title='bbox 338 2546 398 2585; x_wconf 86' lang='lat' dir='ltr'>una</span> <span class='ocrx_word' id='word_1_215' title='bbox 421 2529 628 2603; x_wconf 88' lang='lat' dir='ltr'>comprehendi</span> <span class='ocrx_word' id='word_1_216' title='bbox 650 2528 743 2603; x_wconf 70' lang='lat' dir='ltr'>linea,</span> <span class='ocrx_word' id='word_1_217' title='bbox 768 2528 849 2585; x_wconf 85' lang='lat' dir='ltr'>linea</span> <span class='ocrx_word' id='word_1_218' title='bbox 871 2547 950 2602; x_wconf 92' lang='lat' dir='ltr'>vero,</span> <span class='ocrx_word' id='word_1_219' title='bbox 974 2546 1043 2585; x_wconf 90' lang='lat' dir='ltr'>cum</span> <span class='ocrx_word' id='word_1_220' title='bbox 1067 2533 1114 2588; x_wconf 90' lang='lat' dir='ltr'>est</span> 
     </span>
     <span class='ocr_line' id='line_1_28' title="bbox 100 2613 1116 2693; baseline 0.002 -19"><span class='ocrx_word' id='word_1_221' title='bbox 100 2617 194 2690; x_wconf 88' lang='lat' dir='ltr'>recta,</span> <span class='ocrx_word' id='word_1_222' title='bbox 223 2635 282 2673; x_wconf 92' lang='lat' dir='ltr'>non</span> <span class='ocrx_word' id='word_1_223' title='bbox 306 2617 527 2691; x_wconf 91' lang='lat' dir='ltr'>comprehendit</span> <span class='ocrx_word' id='word_1_224' title='bbox 548 2617 684 2693; x_wconf 85' lang='lat' dir='ltr'>figuram.</span> <span class='ocrx_word' id='word_1_225' title='bbox 731 2613 776 2674; x_wconf 90' lang='lat' dir='ltr'>Ob</span> <span class='ocrx_word' id='word_1_226' title='bbox 798 2616 854 2675; x_wconf 91' lang='lat' dir='ltr'>hoc</span> <span class='ocrx_word' id='word_1_227' title='bbox 878 2635 947 2693; x_wconf 85' lang='lat' dir='ltr'>ergo</span> <span class='ocrx_word' id='word_1_228' title='bbox 972 2616 1116 2693; x_wconf 75' lang='lat' dir='ltr'>dicemus,</span> 
     </span>
     <span class='ocr_line' id='line_1_29' title="bbox 102 2705 1115 2780; baseline 0.001 -17"><span class='ocrx_word' id='word_1_229' title='bbox 102 2705 181 2780; x_wconf 91' lang='lat' dir='ltr'>quod</span> <span class='ocrx_word' id='word_1_230' title='bbox 204 2707 326 2780; x_wconf 90' lang='lat' dir='ltr'>propter</span> <span class='ocrx_word' id='word_1_231' title='bbox 347 2705 424 2763; x_wconf 89' lang='lat' dir='ltr'>hanc</span> <span class='ocrx_word' id='word_1_232' title='bbox 447 2725 566 2764; x_wconf 87' lang='lat' dir='ltr'>causam</span> <span class='ocrx_word' id='word_1_233' title='bbox 590 2706 670 2764; x_wconf 88' lang='lat' dir='ltr'>linea</span> <span class='ocrx_word' id='word_1_234' title='bbox 692 2706 872 2763; x_wconf 84' lang='lat' dir='ltr'>rectafacta</span> <span class='ocrx_word' id='word_1_235' title='bbox 892 2708 1014 2764; x_wconf 88' lang='lat' dir='ltr'>estnon</span> <span class='ocrx_word' id='word_1_236' title='bbox 1034 2724 1115 2764; x_wconf 91' lang='lat' dir='ltr'>com-</span> 
     </span>
     <span class='ocr_line' id='line_1_30' title="bbox 100 2793 1116 2870; baseline 0.003 -20"><span class='ocrx_word' id='word_1_237' title='bbox 100 2793 282 2869; x_wconf 89' lang='lat' dir='ltr'>prehendens</span> <span class='ocrx_word' id='word_1_238' title='bbox 300 2793 436 2869; x_wconf 82' lang='lat' dir='ltr'>figuram,</span> <span class='ocrx_word' id='word_1_239' title='bbox 456 2795 568 2853; x_wconf 88' lang='lat' dir='ltr'>scilicet</span> <span class='ocrx_word' id='word_1_240' title='bbox 588 2794 668 2869; x_wconf 91' lang='lat' dir='ltr'>quod</span> <span class='ocrx_word' id='word_1_241' title='bbox 686 2793 752 2869; x_wconf 85' lang='lat' dir='ltr'>ipsa</span> <span class='ocrx_word' id='word_1_242' title='bbox 770 2796 815 2852; x_wconf 89' lang='lat' dir='ltr'>est</span> <span class='ocrx_word' id='word_1_243' title='bbox 834 2793 996 2868; x_wconf 89' lang='lat' dir='ltr'>simplicior</span> <span class='ocrx_word' id='word_1_244' title='bbox 1014 2793 1116 2870; x_wconf 86' lang='lat' dir='ltr'>lineis,</span> 
     </span>
     <span class='ocr_line' id='line_1_31' title="bbox 61 2881 1115 2958; baseline 0.006 -22"><span class='ocrx_word' id='word_1_245' title='bbox 61 2898 87 2936; x_wconf 81' lang='lat' dir='ltr'>co</span> <span class='ocrx_word' id='word_1_246' title='bbox 102 2902 171 2940; x_wconf 92' lang='lat' dir='ltr'>nam</span> <span class='ocrx_word' id='word_1_247' title='bbox 206 2882 269 2940; x_wconf 87' lang='lat' dir='ltr'>sola</span> <span class='ocrx_word' id='word_1_248' title='bbox 300 2899 359 2940; x_wconf 92' lang='lat' dir='ltr'>non</span> <span class='ocrx_word' id='word_1_249' title='bbox 388 2883 609 2958; x_wconf 83' lang='lat' dir='ltr'>comprehendit</span> <span class='ocrx_word' id='word_1_250' title='bbox 636 2881 833 2958; x_wconf 84' lang='lat' dir='ltr'>superficiem:</span> <span class='ocrx_word' id='word_1_251' title='bbox 866 2883 945 2957; x_wconf 90' lang='lat' dir='ltr'>quod</span> <span class='ocrx_word' id='word_1_252' title='bbox 971 2881 1039 2957; x_wconf 90' lang='lat' dir='ltr'>ipsa</span> <span class='ocrx_word' id='word_1_253' title='bbox 1067 2887 1115 2942; x_wconf 86' lang='lat' dir='ltr'>est</span> 
     </span>
     <span class='ocr_line' id='line_1_32' title="bbox 102 2970 1115 3048; baseline 0.002 -20"><span class='ocrx_word' id='word_1_254' title='bbox 102 2971 188 3029; x_wconf 91' lang='lat' dir='ltr'>valde</span> <span class='ocrx_word' id='word_1_255' title='bbox 208 2971 356 3029; x_wconf 89' lang='lat' dir='ltr'>contraria</span> <span class='ocrx_word' id='word_1_256' title='bbox 374 2972 425 3029; x_wconf 92' lang='lat' dir='ltr'>uni</span> <span class='ocrx_word' id='word_1_257' title='bbox 444 2971 610 3048; x_wconf 86' lang='lat' dir='ltr'>superficiei</span> <span class='ocrx_word' id='word_1_258' title='bbox 627 2970 761 3045; x_wconf 90' lang='lat' dir='ltr'>rotunde,</span> <span class='ocrx_word' id='word_1_259' title='bbox 786 2973 932 3046; x_wconf 86' lang='lat' dir='ltr'>quantum</span> <span class='ocrx_word' id='word_1_260' title='bbox 951 2971 1038 3029; x_wconf 86' lang='lat' dir='ltr'>adse</span> <span class='ocrx_word' id='word_1_261' title='bbox 1058 2974 1115 3046; x_wconf 87' lang='lat' dir='ltr'>est,</span> 
     </span>
     <span class='ocr_line' id='line_1_33' title="bbox 102 3059 1114 3135; baseline 0 -17"><span class='ocrx_word' id='word_1_262' title='bbox 102 3079 136 3118; x_wconf 91' lang='lat' dir='ltr'>ac</span> <span class='ocrx_word' id='word_1_263' title='bbox 159 3060 184 3117; x_wconf 92' lang='lat' dir='ltr'>si</span> <span class='ocrx_word' id='word_1_264' title='bbox 207 3062 284 3117; x_wconf 88' lang='lat' dir='ltr'>esset</span> <span class='ocrx_word' id='word_1_265' title='bbox 306 3060 370 3118; x_wconf 91' lang='lat' dir='ltr'>eius</span> <span class='ocrx_word' id='word_1_266' title='bbox 392 3063 506 3135; x_wconf 92' lang='lat' dir='ltr'>nature,</span> <span class='ocrx_word' id='word_1_267' title='bbox 530 3060 614 3119; x_wconf 90' lang='lat' dir='ltr'>cuius</span> <span class='ocrx_word' id='word_1_268' title='bbox 639 3062 684 3117; x_wconf 88' lang='lat' dir='ltr'>est</span> <span class='ocrx_word' id='word_1_269' title='bbox 707 3059 883 3134; x_wconf 91' lang='lat' dir='ltr'>superficies,</span> <span class='ocrx_word' id='word_1_270' title='bbox 907 3059 989 3135; x_wconf 88' lang='lat' dir='ltr'>adeo,</span> <span class='ocrx_word' id='word_1_271' title='bbox 1013 3062 1048 3117; x_wconf 89' lang='lat' dir='ltr'>ut</span> <span class='ocrx_word' id='word_1_272' title='bbox 1072 3060 1114 3118; x_wconf 89' lang='lat' dir='ltr'>sit</span> 
     </span>
     <span class='ocr_line' id='line_1_34' title="bbox 102 3148 1112 3226; baseline 0 -21"><span class='ocrx_word' id='word_1_273' title='bbox 102 3148 203 3222; x_wconf 89' lang='lat' dir='ltr'>aliquo</span> <span class='ocrx_word' id='word_1_274' title='bbox 231 3148 316 3206; x_wconf 93' lang='lat' dir='ltr'>modo</span> <span class='ocrx_word' id='word_1_275' title='bbox 345 3149 423 3207; x_wconf 91' lang='lat' dir='ltr'>sicut</span> <span class='ocrx_word' id='word_1_276' title='bbox 448 3149 560 3225; x_wconf 85' lang='lat' dir='ltr'>figura,</span> <span class='ocrx_word' id='word_1_277' title='bbox 588 3148 644 3206; x_wconf 88' lang='lat' dir='ltr'>etsi</span> <span class='ocrx_word' id='word_1_278' title='bbox 671 3167 730 3206; x_wconf 93' lang='lat' dir='ltr'>non</span> <span class='ocrx_word' id='word_1_279' title='bbox 754 3148 1013 3223; x_wconf 89' lang='lat' dir='ltr'>comprehenderet</span> <span class='ocrx_word' id='word_1_280' title='bbox 1034 3148 1112 3226; x_wconf 86' lang='lat' dir='ltr'>figu-</span> 
     </span>
     <span class='ocr_line' id='line_1_35' title="bbox 101 3235 1112 3313; baseline 0.001 -21"><span class='ocrx_word' id='word_1_281' title='bbox 101 3255 173 3294; x_wconf 87' lang='lat' dir='ltr'>ram.</span> <span class='ocrx_word' id='word_1_282' title='bbox 217 3235 446 3296; x_wconf 81' lang='lat' dir='ltr'>Oirconferentia</span> <span class='ocrx_word' id='word_1_283' title='bbox 470 3237 548 3295; x_wconf 91' lang='lat' dir='ltr'>enim</span> <span class='ocrx_word' id='word_1_284' title='bbox 571 3237 635 3295; x_wconf 86' lang='lat' dir='ltr'>sola</span> <span class='ocrx_word' id='word_1_285' title='bbox 654 3257 707 3312; x_wconf 92' lang='lat' dir='ltr'>per</span> <span class='ocrx_word' id='word_1_286' title='bbox 726 3255 756 3295; x_wconf 91' lang='lat' dir='ltr'>se</span> <span class='ocrx_word' id='word_1_287' title='bbox 776 3237 838 3296; x_wconf 89' lang='lat' dir='ltr'>sine</span> <span class='ocrx_word' id='word_1_288' title='bbox 858 3236 1010 3313; x_wconf 86' lang='lat' dir='ltr'>superficie</span> <span class='ocrx_word' id='word_1_289' title='bbox 1029 3237 1112 3295; x_wconf 88' lang='lat' dir='ltr'>vide·</span> 
     </span>
    </p>
   </div>
   <div class='ocr_carea' id='block_1_3' title="bbox 101 3439 1111 3581">
    <p class='ocr_par' dir='ltr' id='par_1_4' title="bbox 101 3439 1111 3581">
     <span class='ocr_line' id='line_1_36' title="bbox 173 3439 1111 3564; baseline 0.001 -70"><span class='ocrx_word' id='word_1_290' title='bbox 173 3449 197 3496; x_wconf 74' lang='lat'>2.</span> <span class='ocrx_word' id='word_1_291' title='bbox 211 3443 279 3564; x_wconf 41' lang='lat' dir='ltr'>noni}</span> <span class='ocrx_word' id='word_1_292' title='bbox 293 3457 366 3495; x_wconf 92' lang='lat' dir='ltr'>vero.</span> <span class='ocrx_word' id='word_1_293' title='bbox 382 3471 415 3479; x_wconf 96' lang='lat'>-</span> <span class='ocrx_word' id='word_1_294' title='bbox 435 3445 475 3493; x_wconf 89' lang='lat'>15.</span> <span class='ocrx_word' id='word_1_295' title='bbox 492 3439 565 3493; x_wconf 89' lang='lat' dir='ltr'>sicut</span> <span class='ocrx_word' id='word_1_296' title='bbox 579 3439 711 3496; x_wconf 89' lang='lat' dir='ltr'>dicentes.</span> <span class='ocrx_word' id='word_1_297' title='bbox 728 3473 760 3481; x_wconf 91' lang='lat'><em>-</em></span> <span class='ocrx_word' id='word_1_298' title='bbox 779 3441 847 3511; x_wconf 86' lang='lat' dir='ltr'>ipse.</span> <span class='ocrx_word' id='word_1_299' title='bbox 863 3473 897 3481; x_wconf 93' lang='lat'><strong>—</strong></span> <span class='ocrx_word' id='word_1_300' title='bbox 916 3446 1029 3495; x_wconf 78' lang='lat'>20-21.</span> <span class='ocrx_word' id='word_1_301' title='bbox 1045 3458 1111 3496; x_wconf 90' lang='lat' dir='ltr'>con-</span> 
     </span>
     <span class='ocr_line' id='line_1_37' title="bbox 101 3511 531 3581; baseline -0.007 -14"><span class='ocrx_word' id='word_1_302' title='bbox 101 3511 240 3568; x_wconf 83' lang='lat' dir='ltr'>venientis</span> <span class='ocrx_word' id='word_1_303' title='bbox 278 3528 355 3581; x_wconf 86' lang='lat' dir='ltr'>gura.</span> <span class='ocrx_word' id='word_1_304' title='bbox 375 3543 409 3552; x_wconf 92' lang='lat'>-</span> <span class='ocrx_word' id='word_1_305' title='bbox 428 3517 470 3564; x_wconf 81' lang='lat'>32.</span> <span class='ocrx_word' id='word_1_306' title='bbox 490 3526 531 3564; x_wconf 89' lang='lat' dir='ltr'>ea.</span> 
     </span>
    </p>
   </div>
   <div class='ocr_carea' id='block_1_4' title="bbox 0 0 1178 3834">
    <p class='ocr_par' dir='ltr' id='par_1_5' title="bbox 0 0 1178 3834">
     <span class='ocr_line' id='line_1_38' title="bbox 0 0 1178 3834; baseline 0 0"><span class='ocrx_word' id='word_1_307' title='bbox 0 0 1178 3834; x_wconf 95' lang='lat' dir='ltr'> </span> 
     </span>
    </p>
   </div>
  </div>
 </body>
</html>
