2340 3834
366 170 416 224 AD
435 169 619 225 EUCLIDEM
637 171 704 228 LIB.
719 173 752 228 Χ
995 171 1061 236 343

50 357 156 398 aarum
174 338 205 396 in
223 339 349 397 alteram
367 338 481 416 equalis
497 338 642 414 quadrato
657 345 763 416 quarte
777 341 915 401 sectionis
929 340 1061 400 minoris.

51 428 103 486 Fit
126 446 197 505 ergo
219 446 281 486 una
304 428 430 487 duarum
452 427 615 486 sectionum
637 429 722 488 radix
746 432 764 489 6
789 432 819 488 06
842 422 889 510 ³s4,
917 433 947 488 et
970 429 1060 488 sectio

52 517 150 575 altera
184 511 313 594 (radix)
344 509 387 596 Ἃ.
441 515 556 574 Harum
586 517 688 593 itaque
719 519 805 577 radix
835 522 940 595 potens
972 535 1061 594 supra

53 604 238 682 superficiem
259 606 356 681 ipsam
379 608 424 664 est
445 604 607 664 bimedium
629 608 765 683 primum.
812 607 897 676 Quod
919 608 944 666 si
966 606 1061 685 longi·

52 694 128 754 tudo
160 694 327 770 superficiei
352 696 430 753 esset
455 694 606 753 residuum
633 696 805 771 secundum,
837 700 943 772 potens
970 714 1062 772 supra
1089 705 1102 746 5

54 784 152 859 ipsam
174 786 251 841 esset
273 784 453 859 superfluum
475 782 554 842 inter
576 802 633 842 aas

144 869 181 929 Si
199 890 281 931 vero
300 871 512 948 superficiei
530 873 721 950 longitudo
738 873 851 932 fuerit
868 873 1063 932 binomium

56 960 221 1034 tercium,
254 961 333 1036 quod
364 965 410 1022 est
438 961 523 1020 radix
550 963 569 1020 8
598 964 629 1020 et
654 962 739 1021 radix
766 964 799 1037 6,
830 964 903 1020 tunc
931 961 1064 1020 dividam

56 1049 184 1108 radicem
208 1050 226 1107 8
250 1051 282 1107 in
305 1050 378 1110 duas
401 1052 543 1110 sectiones
561 1051 614 1125 ita,
636 1054 673 1109 ut
690 1051 730 1109 sit
747 1050 957 1125 multiplicatio
975 1049 1062 1108 unius

57 1155 160 1197 earum
191 1138 223 1196 in
251 1139 376 1198 alteram
403 1139 517 1216 equalis
545 1138 693 1215 quadrato
720 1137 888 1197 medietatis
918 1139 945 1196 6.
995 1137 1064 1195 Erit
1077 1150 1103 1189 ιο

57 1245 126 1304 ergo
154 1245 216 1284 una
243 1226 369 1287 duarum
396 1229 558 1288 sectionum
580 1227 665 1286 radix
689 1228 707 1285 8
732 1225 886 1301 0611101111,
915 1227 1063 1284 06016010

56 1316 141 1374 radix
168 1316 257 1374 unius
284 1319 314 1374 06
340 1316 521 1390 medietatis,
550 1313 643 1391 [quod
670 1316 712 1374 sic
738 1312 903 1390 probatur].
948 1314 1064 1373 Harum

57 1423 185 1479 namque
212 1399 338 1482 <radix>
366 1408 411 1464 est
432 1408 537 1481 potens
561 1422 652 1479 supra
675 1402 873 1479 superficiem,
901 1405 930 1462 06
953 1406 999 1461 006
1020 1403 1063 1460 bi·

55 1492 186 1551 medium
218 1493 385 1551 secundum.
435 1491 520 1561 Quod
551 1493 577 1550 si
608 1492 773 1567 superficiei
803 1491 959 1569 longitudo
987 1494 1064 1550 esset

54 1582 206 1640 residuum
233 1582 371 1657 tercium,
403 1583 509 1656 potens
536 1598 627 1656 supra
653 1582 749 1656 ipsam
776 1583 854 1640 esset
881 1579 1064 1656 superfluum
1078 1590 1104 1631 1⁶

52 1669 134 1729 inter
157 1687 215 1728 eas.

147 1756 184 1816 Si
211 1761 332 1817 autam
359 1758 573 1835 superficiei
600 1757 796 1835 longitudo
824 1759 940 1816 fuerit
965 1758 1065 1817 bino·

51 1847 164 1906 mium
188 1850 366 1922 quartum,
391 1847 469 1923 quod
492 1851 537 1907 est
561 1848 579 1905 6
605 1848 635 1904 06
656 1846 742 1905 radix
766 1849 816 1922 12,
839 1850 912 1906 611110
935 1845 1066 1906 dividam

53 1939 75 1996 6
101 1937 133 1994 in
157 1936 231 1996 duas
254 1940 355 2011 partes
372 1937 426 2012 ita,
448 1939 483 1995 ut
501 1936 540 1995 sit
557 1936 767 2011 multiplicatio
785 1936 872 1994 unius
891 1937 923 1993 in
941 1936 1068 1994 alteram

52 2026 173 2101 equalis
206 2025 352 2100 quadrato
381 2026 549 2084 medietatis
576 2024 684 2083 radicis
714 2026 763 2083 12.
813 2023 881 2082 Erit
909 2043 979 2101 ergo
1007 2043 1067 2082 una
1080 2035 1107 2074 2⁰

54 2115 185 2172 duamm
214 2115 378 2173 sectionum
406 2116 424 2173 3
450 2116 479 2172 et
501 2113 586 2172 radix
611 2114 643 2188 6,
672 2116 702 2171 06
724 2113 819 2170 altera
843 2113 861 2170 3
886 2111 998 2189 absque
1020 2131 1066 2170 ra·

55 2203 122 2262 dice
147 2204 175 2263 6.
216 2202 331 2260 Harum
353 2204 455 2278 itaque
478 2202 562 2261 radix
581 2204 625 2259 est
643 2205 747 2277 potens
766 2219 856 2276 supra
874 2201 1067 2276 superficiem,

57 2295 89 2350 et
120 2292 188 2366 ipsa
220 2294 266 2349 est
296 2293 399 2351 maior.
449 2290 534 2360 Quod
565 2291 591 2349 si
618 2289 782 2365 superficiei
808 2290 963 2367 longitudo
989 2290 1068 2348 foret

55 2380 212 2438 residuum
240 2383 394 2456 quartum,
422 2381 499 2440 esset
526 2397 616 2455 supra
640 2379 737 2454 ipsam
758 2381 865 2454 potens
888 2377 1068 2454 superfluum

56 2467 137 2528 inter
160 2487 217 2527 eas.
1079 2475 1106 2517 ro

150 2555 186 2614 Si
222 2576 308 2616 vero
345 2558 563 2633 superficiei
599 2556 790 2633 longitudo
822 2557 935 2614 fuerit
966 2555 1067 2616 bino·

57 2646 167 2704 mium
191 2646 370 2722 quintum,
394 2646 474 2722 quod
497 2648 541 2704 cst
563 2645 648 2703 radix
673 2646 712 2703 12
738 2648 767 2703 06
791 2647 820 2720 2,
842 2649 915 2704 tunc
938 2644 1069 2704 dividam

58 2734 190 2795 radicem
214 2736 255 2791 12
279 2735 310 2791 111
334 2734 407 2792 duas
429 2738 530 2810 partes
551 2734 605 2801 ita,
628 2736 663 2792 ut
685 2734 725 2792 sit
747 2733 958 2809 multiplicatio
981 2734 1068 2792 unius

60 2843 165 2884 earnm
186 2823 218 2881 in
242 2824 367 2881 alteram
389 2842 494 2881 unum:
518 2823 574 2882 erit
597 2841 667 2899 ergo
685 2841 745 2880 una
763 2822 888 2880 duarum
907 2823 1069 2881 sectionum

59 2912 146 2972 radix
166 2908 170 2992 Ι
191 2913 210 2970 3
231 2914 261 2969 06
277 2913 362 2970 radix
381 2911 514 2987 duorum,
538 2915 568 2970 et
586 2912 681 2970 altera
699 2909 784 2969 radix
803 2912 821 2969 3
842 2911 952 2986 absque
970 2911 1068 2969 radice
1083 2920 1109 2960 ³⁰

61 3002 196 3061 duorum.
237 2999 352 3059 Harum
375 3020 445 3078 ergo
467 3001 553 3059 radix
577 3002 621 3059 006
644 3003 749 3075 potens
768 3018 857 3075 supra
876 2999 1069 3075 superficiem.

60 3091 132 3167 Ipsa
154 3109 281 3165 namque
301 3092 345 3148 est
363 3091 469 3164 potens
488 3107 578 3165 supra
596 3089 742 3147 rationale
761 3091 792 3146 et
808 3087 943 3147 mediale.
985 3086 1069 3155 Quod

62 3180 87 3238 si
123 3178 289 3255 superficiei
324 3178 480 3255 longitudo
517 3179 595 3237 forat
625 3178 774 3235 residuum
806 3178 955 3253 quintum,
993 3178 1070 3234 00006

61 3270 167 3344 potens
191 3285 280 3342 supra
302 3268 400 3342 ipsam
423 3267 603 3342 superfluum
626 3267 704 3323 inter
727 3284 785 3324 eas,

135 3477 159 3526 3.
179 3475 221 3542 ΒΞ.
240 3503 274 3512 -
292 3472 394 3542 potest.
414 3502 448 3512 -
468 3476 490 3526 7.
510 3468 671 3525 bimedium.
692 3501 723 3510 -
749 3475 792 3524 12.
810 3469 936 3536 Ηο1111111
945 3467 1024 3533 lusa.
1039 3498 1074 3506 -

64 3547 105 3596 27,
125 3544 204 3613 tunc]
220 3560 284 3598 non.
