2316 3840
116 144 179 207 146
399 144 564 200 ANARITII
582 144 839 202 COMMENTARII

114 316 145 371 et
167 313 294 389 angulus
318 333 337 372 a
359 314 399 372 sit
416 316 514 372 rectus
531 315 722 374 manifestum
745 320 798 392 est,
817 279 896 394 quod
920 320 1075 396 convenit,
1099 328 1140 384 ut

113 402 193 460 linea
217 404 259 460 bd
285 402 325 460 sit
357 403 519 461 diametrus
551 404 665 480 circuli·
696 408 726 464 et
752 407 889 466 similiter
921 409 1032 485 etiam,
1065 431 1138 472 cum

115 491 272 570 querimus
288 494 324 550 ut
337 492 377 550 sit
390 493 469 549 linea
484 494 524 550 ab
539 511 629 566 equa·

112 579 150 638 lis
175 581 252 638 linee
276 582 328 654 by,
356 584 386 639 et
415 581 543 657 angulus
566 576 627 657 <b>

86 672 224 742 erectus,
251 669 399 744 sequitur,
426 672 461 727 ut
488 669 528 728 sit
549 669 628 727 linea

112 777 154 832 oy
189 759 349 816 diametrus
388 758 499 816 circuli.
562 757 630 815 Erit

112 866 182 924 ergo
221 850 292 906 tunc
329 849 473 921 punctum
510 864 524 905 e
561 865 627 905 cen·

111 931 228 1013 11111,1
225 931 320 1013 tergo
343 935 471 1012 angulus
495 936 555 994 cot
583 938 629 993 est
665 930 691 1027 δ’
1154 979 1156 982 -

112 1024 225 1099 equalis
249 1025 359 1101 angulo
379 1026 448 1082 cbo
484 1023 628 1082 Remanet

71 1127 97 1166 10
111 1133 180 1190 ergo
204 1117 275 1171 tuno
294 1113 420 1190 angulus
439 1115 500 1170 aab
522 1114 627 1170 rectus.

111 1201 208 1260 Sed'
199 1221 263 1277 rpse
296 1204 341 1261 est
375 1201 488 1276 equalis
518 1201 627 1277 angulo

110 1293 182 1365 1109,
205 1310 275 1368 ergo
295 1292 423 1365 quatuor
441 1289 552 1365 anguli,
577 1289 628 1363 qui

110 1383 178 1439 0111
196 1380 277 1455 apud
293 1382 436 1453 centrum,
455 1380 524 1437 sunt
537 1397 627 1452 equa·

108 1470 164 1545 100,
202 1473 232 1527 01
264 1488 365 1526 eorum
397 1487 466 1544 ergo
502 1466 628 1541 quilibet

70 1570 95 1610 15
110 1562 154 1616 001
176 1561 282 1616 100110.
323 1557 388 1614 Due
410 1556 514 1631 itaque
537 1554 674 1613 diametri
696 1574 727 1613 00
751 1555 990 1631 orthogonaliter
1013 1566 1128 1621 secant.

107 1647 266 1705 Euonmns
288 1645 381 1722 igitur
409 1645 446 1702 ab
469 1645 523 1702 hoe
545 1645 611 1702 loco
633 1644 757 1719 incepit,
786 1647 816 1702 et
836 1643 953 1703 invenit
978 1652 1133 1725 centrum„

108 1741 137 1793 et
160 1736 231 1792 feeit
255 1753 345 1809 supra
372 1735 470 1809 ipsum
496 1733 624 1791 transire
651 1734 724 1791 duas
749 1733 909 1792 diametros
933 1752 999 1795 sese
1024 1740 1127 1800 ortho-

107 1824 255 1900 gonaliter
278 1826 419 1881 secantes.
464 1823 544 1899 Ergo
567 1822 695 1897 invenit,
719 1823 798 1896 quod
822 1821 975 1897 querebat.

193 1912 229 1969 In
253 1912 406 1987 septima
433 1903 587 1989 figurali

67 2014 93 2053 ao
107 2000 183 2058 nihil
201 2001 275 2058 dixit
285 2001 416 2059 Yumus:
435 2001 510 2057 Eam
530 2000 586 2058 sol·
629 2021 664 2070 a·-

106 2109 183 2165 vam,
203 2090 278 2148 sicut
293 2092 346 2162 est,
362 2093 392 2148 et
405 2108 515 2164 ponam
528 2088 584 2147 ita-

107 2199 172 2254 que,
185 2183 221 2238 ut
231 2179 410 2254 quadratum
425 2178 464 2236 ait
472 2179 585 2236 factum

106 2269 183 2328 circa
202 2268 350 2327 circulum.
385 2267 512 2342 Propter
529 2267 584 2325 hoc

104 2357 211 2434 igitur,
240 2357 319 2432 quod
337 2351 425 2414 'linea
451 2357 490 2415 rt
517 2374 584 2413 oon-

64 2457 90 2497 25
104 2447 196 2523 tingit
223 2447 365 2505 circulum
393 2463 484 2519 supra
510 2464 583 2519 pun·
624 2452 648 2501 d

105 2537 186 2592 ctum
208 2554 241 2609 o,
274 2535 330 2593 erit
357 2533 449 2608 linea,
482 2552 583 2608 quea

103 2625 213 2698 puncto
234 2642 253 2681 a
275 2623 494 2698 othogonaliter
515 2642 583 2697 pro·

102 2711 249 2787 trahitur,
321 2710 467 2769 transiens
530 2731 583 2785 per

104 2803 251 2872 centrum3
283 2802 312 2857 et
342 2799 479 2857 similiter
505 2800 582 2858 linae

63 2901 89 2940 30
104 2909 122 2946 a
162 2889 279 2964 punctis
316 2891 332 2946 1)

103 2977 338 3053 orthogonaliter
350 2980 500 3052 protracte
514 2996 581 3052 pro·

102 3065 221 3124 venient
245 3066 283 3124 ad
306 3070 447 3124 centrum.
491 3065 669 3126 Protraham
692 3088 761 3146 ergo
785 3087 848 3142 aas,
881 3072 911 3127 et
938 3081 1123 3136 concurrent

103 3173 192 3230 supra
210 3157 353 3229 punctum
373 3173 395 3230 0,
419 3155 499 3230 quod
518 3157 562 3213 est
581 3159 722 3220 centium.
758 3157 799 3216 ut
818 3156 889 3232 quia
905 3166 1123 3244 unusquisque

173 3311 214 3360 15
234 3307 331 3359 secant
350 3321 441 3361 se-
460 3312 501 3361 16.
520 3306 666 3365 invenirit

93 3447 421 3577 descrzhefffflm’
375 3447 421 3517 IV,
442 3453 469 3504 7.
499 3449 579 3505 Circa
598 3452 768 3520 propositum
790 3452 923 3509 0110111011
946 3461 1122 3526 qaudam
