2340 3834
405 169 455 223 AD
474 168 659 223 EUCLIDEM
677 168 743 222 LIB.
758 168 791 223 X.
1040 168 1103 232 281

185 337 282 396 Duos
302 338 422 396 lineas
445 337 481 396 in
503 337 669 413 potentia
692 338 835 395 tontum
853 337 1054 395 rationales
1074 339 1108 394 et

63 427 414 502 communicantem
438 445 589 502 quarum
612 426 757 503 longior
779 443 887 501 supra
909 425 1107 484 breviorem

59 515 213 581 possit
236 515 430 573 secundum
453 517 681 592 augmentum
706 514 876 588 quadrati
899 515 993 572 linee
1017 533 1107 573 com·

62 604 320 663 municantis
343 603 504 681 longiori
526 604 562 661 in
585 602 828 680 longitudine,
851 596 1054 680 invenirel)

188 691 303 750 Ponam
334 692 436 767 itaque
469 692 578 749 lineam
609 694 650 751 dc
677 692 866 766 rationalem,
898 711 955 766 que
982 691 1022 750 sit
1049 711 1108 766 sex,
1132 702 1145 742 5

64 769 203 839 deinde
228 781 352 858 signabo
376 780 449 839 duos
472 799 609 839 numeros
632 780 806 855 quadram,
834 780 887 854 qui
909 780 1108 839 inscribentur

62 861 124 919 ab
162 872 197 926 et
224 888 279 944 op,
312 872 342 928 et
369 888 429 928 non
457 870 497 928 sit
524 869 705 944 superfluum
733 887 846 943 eorum,
880 870 959 943 quod
987 871 1031 926 est
1058 870 1107 944 by,

63 965 237 1016 numerus
265 959 442 1033 quadratus,
469 957 588 1033 sintque
612 958 671 1017 duo
693 957 784 1032 positi
807 957 923 1014 numeri
948 975 1054 1016 novem
1077 959 1108 1015 et

65 1046 234 1108 quatuor.
283 1047 489 1122 Multiplicabo
522 1051 623 1105 autem
655 1048 833 1121 quadratum
860 1064 923 1120 sex,
956 1046 1035 1120 quod
1062 1048 1107 1104 est

64 1124 222 1206 triginta
240 1153 299 1210 sex,
321 1135 354 1192 in
372 1136 563 1211 superfluum,
582 1134 662 1210 qnod
681 1138 726 1193 cst
744 1135 822 1193 inter
840 1133 912 1192 duos
933 1135 1146 1210 quadratoS,1⁰

66 1220 173 1283 quod
201 1226 247 1281 est
275 1224 420 1299 quinquo:
450 1224 507 1282 erit
535 1242 618 1301 ergo,
646 1224 725 1299 quod
751 1223 902 1298 provenit,
930 1225 1049 1281 centum
1076 1225 1107 1280 et

68 1305 262 1387 octoginta,
285 1331 375 1387 quam
398 1312 530 1371 dividam
552 1332 607 1388 por
628 1312 771 1370 maiorem
793 1331 963 1384 numerum,
986 1310 1038 1386 qui
1061 1314 1106 1369 est

67 1403 210 1474 novem,
235 1402 265 1458 et
288 1400 345 1458 erit
367 1420 516 1476 numeruS,
539 1401 591 1476 qui
613 1401 759 1476 provenit,
782 1399 899 1477 viginti.
940 1399 998 1457 Sed
1020 1399 1105 1457 radix

66 1474 200 1554 Viginti
224 1491 269 1547 ost
291 1488 371 1548 lineo
393 1490 498 1564 minor,
522 1509 591 1568 ergo
611 1489 792 1564 quadratum
809 1488 940 1563 maioris,
963 1488 1042 1564 quod
1061 1491 1106 1547 est

66 1561 218 1646 trigrintu
242 1596 301 1652 sex,
323 1581 424 1653 potest
446 1597 543 1653 supro
561 1578 671 1655 viginti
695 1597 761 1636 cum
785 1577 939 1653 quadrato,
963 1577 1144 1652 quodest15

69 1659 251 1744 §wdecim
280 1666 362 1725 cuius
390 1667 470 1726 latus
497 1670 542 1726 cst
564 1669 707 1742 quatuor,
731 1666 810 1741 quod
834 1666 1031 1724 communicat
1054 1684 1105 1724 sex

66 1753 104 1795 1n
138 1747 345 1831 longItudine.
393 1754 477 1823 Quod
501 1755 578 1814 sicut
599 1755 675 1813 illud
699 1758 757 1829 est,
785 1755 865 1830 quod
889 1759 934 1813 est
956 1755 987 1813 in
1009 1754 1105 1832 figura

849 1950 867 2003 9
930 1939 1047 2001 quotuor
1083 1950 1101 2040 u1

805 2110 900 2147 'novem

61 2433 367 2519 septimadecima,
396 2445 475 2519 quod
499 2448 556 2521 ost,
580 2448 614 2503 ut
636 2465 746 2521 ponam
768 2447 844 2505 duos
868 2466 1006 2505 numeros
1031 2465 1102 2522 quc-

132 2526 192 2592 ‘ssos
215 2534 265 2610 ab,
288 2551 338 2608 op,
361 2534 392 2590 ct
414 2552 473 2591 non
496 2535 536 2592 sit
559 2535 751 2609 superfluum,
775 2535 856 2610 quod
879 2539 924 2594 est
946 2536 1102 2610 intorem,

61 2609 170 2677 quod
197 2624 242 2680 est
269 2622 321 2696 by,
347 2640 486 2680 numerus
515 2623 691 2698 quadratus,
721 2626 750 2681 et
778 2624 818 2682 sit
844 2623 924 2682 lineo
947 2626 988 2683 dc
1011 2624 1101 2683 ratio·
1116 2634 1143 2675 20

60 2692 180 2784 QHS,
212 2728 303 2785 supro
336 2727 426 2785 quam
459 2711 622 2770 describam
650 2712 872 2770 semicirculum
900 2714 972 2786 dum
1006 2716 1035 2771 et
1063 2712 1103 2772 sit

59 2783 242 2866 proportio
271 2797 410 2873 quadrati
436 2799 510 2857 scoti
537 2819 572 2858 cx
599 2802 639 2859 dc
666 2801 705 2857 ἃᾶ
728 2801 908 2875 quadratum
930 2802 1044 2860 factum
1067 2821 1103 2859 ex

60 2855 116 2921 dg
153 2886 234 2945 sicut
259 2887 413 2962 proportio
441 2888 482 2946 ab
511 2888 549 2945 ἃᾶ
572 2907 621 2962 oy.
667 2889 845 2947 Protrchom
869 2891 968 2947 autem
991 2890 1102 2948 lineam

58 2938 178 3050 (²6),
206 2994 276 3052 crgo
304 2976 456 3051 proportio
485 2978 526 3035 ab
554 2977 593 3034 cd
621 2979 660 3051 tp
683 2981 727 3035 est
751 2978 828 3036 sicut
850 2979 1003 3053 proportio
1029 2997 1100 3054 qua-

58 3025 168 3120 (ln-ati
199 3063 273 3122 facti
305 3083 339 3122 ox
371 3065 410 3123 dc
442 3065 480 3122 ad
512 3066 692 3140 quadratum
723 3067 836 3124 factum
864 3086 898 3124 ex
927 3085 970 3126 cm
1020 3068 1100 3145 Ergo
1115 3076 1141 3117 25

58 3143 304 3192 N*—

53 3277 89 3329 3.
158 3251 185 3321 1)
209 3249 260 3304 Est
282 3249 411 3304 Euourms
433 3249 552 3304 Currum
573 3251 610 3320 X,
631 3258 664 3304 24
689 3252 845 3321 (Hnmnncn
867 3252 904 3320 X,
929 3255 986 3322 31):
1018 3252 1101 3307 Duas

52 3365 80 3401 r
135 3335 175 3396 pc
205 3322 332 3376 temtator
355 3324 479 3390 potentia
506 3329 613 3376 tautum
636 3324 862 3378 communicantes
884 3324 1101 3392 superficiemque

51 3380 253 3478 strumum
280 3394 457 3458 comtiucutec,
486 3409 603 3460 quorum
632 3395 737 3463 temptor
763 3396 800 3448 sit
822 3396 959 3463 potcutior
986 3395 1101 3448 breviori

44 3493 65 3540 ι
135 3527 143 3539 ,
252 3465 383 3533 quautam
401 3464 469 3518 liuee
487 3465 711 3519 communicaretis
729 3463 814 3520 eidem
833 3466 953 3535 louqtort
968 3465 1003 3517 im
1013 3465 1106 3531 luunt-

126 3541 189 3602 ῑτκ,
208 3534 332 3588 inuenere,
