2340 3834
98 177 141 242 26
382 175 548 231 ΑΝΑΙῖΙΤΠ
566 174 824 230 ΟΟΜΜΕΝΤΑΙῖΠ

98 347 256 406 diversum.
301 345 364 403 Hoc
387 347 488 403 autem
510 343 568 402 dne
591 344 677 419 linee,
703 362 778 420 quas
801 343 990 419 prediximus,
1013 342 1109 402 nomi-

97 439 209 493 nantur
231 433 445 509 equidistantes
468 432 499 490 in
523 432 589 491 situ.
636 431 722 501 Quod
744 432 770 490 si
794 433 860 507 quis
883 431 1003 506 dixerit,
1027 432 1110 506 quod

97 523 168 596 iste,
205 523 257 598 qui
289 521 430 581 diffinivit
460 522 554 580 lineas
587 522 801 597 equidistantes
833 521 888 580 hac
920 519 1111 595 diffinitione,

98 612 239 687 apposuit
262 610 441 686 diffinitioni,
466 610 545 686 quod
562 610 677 688 indiget
694 609 873 685 probationi,
897 609 1010 668 scilicet
1028 609 1112 684 quod

72 700 241 776 bspatium,
275 699 354 775 quod
386 702 431 758 est
461 699 540 758 inter
571 698 646 757 duas
678 699 892 774 equidistantos
924 699 1031 772 lineae,
1065 701 1111 756 θεῖ

98 788 351 865 perpendicularis
383 807 472 863 snper
500 807 562 863 eas,
595 791 626 846 et
653 788 732 862 qnod
758 789 918 846 Euonrnns
945 786 1111 846 declaravit

97 878 153 937 hoc
172 878 203 935 in
221 877 319 955 figura
334 878 395 935 28²
412 877 506 952 prime
525 869 666 952 pantis¹):
690 876 798 951 dicam,
819 877 897 951 quod
915 894 975 934 non
992 875 1111 952 indiget

99 966 285 1041 diffinitione,
308 965 397 1025 utin
421 985 455 1023 oa
477 967 608 1040 ponatur
629 965 891 1040 perpendicularis,
914 965 965 1023 sed
989 963 1111 1039 sufficit,

99 1059 134 1114 ut
161 1055 257 1113 dicam
283 1055 315 1112 in
344 1074 390 1129 ea,
419 1054 497 1129 quod
525 1053 668 1128 spatium,
696 1054 777 1129 quod
804 1057 850 1112 est
871 1053 949 1112 inter
973 1070 1035 1127 esa,
1065 1056 1112 1112 est

60 1157 86 1196 10
101 1145 221 1219 equale,
247 1162 344 1220 neque
372 1142 544 1218 appositum
569 1142 627 1200 fuit
649 1142 681 1199 in
704 1141 881 1200 diffinitione
903 1141 961 1200 nisi
983 1160 1037 1216 pro
1062 1161 1112 1199 ex·

99 1233 254 1308 positione.
312 1231 510 1305 Philosophus
545 1234 646 1289 tamen
682 1232 801 1290 Aeams
839 1230 979 1289 diffinivit
1015 1229 1112 1289 lineas

101 1323 317 1397 equidistantes
344 1321 455 1378 dicens:
484 1319 592 1378 Lince
620 1320 888 1395 equidistantes
916 1320 1010 1392 sunt,
1042 1338 1112 1394 que

101 1429 177 1469 cum
201 1411 273 1469 sint
293 1410 329 1467 in
352 1427 420 1466 una
439 1408 650 1484 superficie,
673 1408 704 1466 si
721 1408 849 1483 ntique
866 1408 904 1465 in
922 1407 1114 1466 infinitum

100 1500 375 1574 protrahantur,
395 1497 467 1555 erit
485 1515 621 1572 semper
640 1496 809 1572 spatium,
829 1497 923 1571 quod
942 1498 996 1554 est
1014 1495 1114 1554 inter

61 1600 86 1640 15
102 1607 173 1663 eas,
195 1578 343 1663 unum.²)
383 1584 441 1654 Qui
463 1589 563 1644 tamen
587 1585 838 1660 examinaverunt,
862 1585 942 1660 quod
961 1585 1113 1659 equalitas

102 1677 201 1752 spatii,
221 1675 299 1750 quod
318 1677 363 1734 est
380 1675 460 1732 inter
478 1692 535 1750 θεε,
557 1674 596 1732 sit
614 1693 712 1749 causa,
732 1693 824 1749 quare
842 1694 902 1732 non
921 1677 1113 1749 concurrunt,

102 1766 127 1823 si
154 1784 214 1823 non
236 1763 328 1822 fuerit
350 1764 382 1821 in
404 1763 531 1822 termino
554 1762 712 1837 utriusque
736 1763 879 1821 orationis
902 1759 1023 1838 „una“.
1070 1762 1113 1820 nt

102 1854 227 1913 fortasse
254 1852 322 1928 hoc,
352 1853 431 1927 quod
459 1852 630 1927 appositum
658 1854 703 1910 θεῖ
725 1851 757 1908 in
781 1851 970 1926 diffinitione,
999 1851 1113 1909 scilicet

103 1940 151 2017 „in
169 1959 230 1999 una
250 1938 420 2016 superficie“
435 1936 516 2016 <non
533 1941 654 1998 tantum
672 1943 717 1998 θεῖ
733 1940 939 2015 necessarium,
960 1939 1113 2015 quoniam,

60 2041 89 2081 2⁰
103 2049 171 2089 cum
198 2029 340 2105 spatium,
370 2029 449 2104 quod
477 2031 522 2086 est
543 2029 622 2086 inter
645 2047 707 2102 θεε,
735 2028 774 2086 sit
798 2028 916 2103 equale,
944 2031 974 2086 θῖ
997 2047 1057 2086 una
1080 2029 1114 2086 in

103 2119 229 2177 alteram
251 2118 370 2177 omnino
393 2137 453 2175 non
475 2117 612 2191 inclinat,
638 2117 785 2192 sequitur,
810 2117 890 2191 quod
913 2116 1026 2174 sintin
1050 2135 1113 2174 una

103 2205 291 2285 superficie),
320 2226 377 2282 qne
404 2208 557 2282 protracta
584 2207 629 2263 θεῖ
655 2205 816 2281 intereas,
843 2206 914 2264 licet
937 2205 1028 2262 etiam
1051 2225 1114 2263 una

104 2297 143 2354 sit
165 2296 196 2353 in
219 2297 310 2371 plana
333 2293 486 2370 superficie
510 2296 540 2351 θῖ
563 2294 658 2351 altera
680 2293 711 2351 in
735 2294 803 2351 alta.
846 2293 983 2369 Spatium
1001 2295 1114 2369 autem,

104 2385 184 2460 quod
211 2384 242 2442 in
270 2383 446 2442 diffinitione
473 2382 607 2458 ponitur,
636 2384 681 2440 θεῖ
705 2382 822 2441 brevior
842 2383 934 2456 linea,
963 2401 1020 2456 que
1044 2400 1113 2440 con-

62 2483 90 2524 25
103 2473 215 2550 iungit,
242 2473 320 2548 quod
343 2473 388 2530 θεῖ
411 2471 490 2529 inter
512 2471 584 2529 duas
608 2470 710 2546 lineas,
734 2470 813 2545 quod
835 2470 866 2527 in
888 2470 1114 2545 precedentibus

105 2566 150 2621 θεῖ
182 2561 302 2619 dictum.
352 2560 417 2618 Hoc
447 2579 565 2635 quoque
593 2559 735 2635 spatium,
768 2560 849 2634 quod
876 2562 921 2617 θεῖ
947 2559 1026 2617 inter
1055 2561 1114 2619 duo

105 2650 243 2726 opposita
265 2651 390 2724 puncta,
413 2650 458 2707 est
481 2649 561 2706 linea
583 2651 676 2723 recta,
701 2667 757 2722 que
780 2648 941 2725 coniungit,
965 2648 1044 2723 quod
1068 2651 1115 2706 θεῖ

104 2739 183 2797 inter
210 2757 253 2796 ea.
303 2737 396 2795 Linea
424 2736 503 2795 enim
528 2740 611 2795 recta
637 2740 683 2795 est
709 2735 826 2795 brevior
853 2737 952 2812 lineis,
986 2755 1115 2811 quarum

105 2827 306 2886 extremitates
334 2831 404 2884 sunt
430 2825 630 2884 extremitates
655 2825 731 2899 eiuS,
760 2824 871 2884 scilicet
893 2825 936 2899 id,
966 2825 1044 2900 quod
1069 2829 1114 2884 est

64 2929 92 2969 8⁰
105 2916 184 2976 inter
207 2916 265 2974 duo
288 2918 408 2990 puncta.
454 2914 592 2990 Spatium
614 2917 723 2989 autem,
749 2914 830 2988 quod
853 2917 898 2972 θεῖ
920 2913 998 2971 inter
1020 2932 1113 2988 punc-

105 3009 169 3064 tum
201 3007 231 3062 et
262 3003 372 3062 lineam
403 3006 457 3062 aut
478 2999 481 3082 l
501 3004 580 3062 inter
605 3006 750 3079 punctum
780 3006 810 3061 et
838 3001 1035 3077 superficiem,
1069 3006 1114 3062 θεῖ
1135 3009 1165 3056 11

179 3178 220 3226 11.
239 3171 355 3241 Aganiz.

179 3335 204 3402 1)
227 3332 321 3386 Verba
343 3333 485 3385 Posmonn
508 3331 583 3400 apud
605 3331 735 3383 Pnocnnu
759 3336 823 3399 176,
845 3336 877 3384 10
902 3329 937 3383 ab
961 3329 1114 3384 Hnrsnaoro

107 3403 225 3458 laudata
244 3404 280 3456 ad
298 3403 372 3456 hunc
390 3402 483 3456 locum
500 3419 557 3455 non
571 3401 720 3470 pertinent.
748 3400 978 3471 interrogationis
994 3400 1114 3470 signum,

107 3475 182 3542 quod
208 3474 291 3544 ponit
337 3476 381 3528 ost
404 3472 596 3542 „Srurnrcmn“
622 3471 771 3527 delendum
794 3475 843 3527 est.
874 3505 905 3512 -
935 3477 962 3541 2)
989 3471 1114 3526 Pnocnns
1150 3533 1155 3539 ⁸

109 3551 168 3616 175,
188 3552 281 3615 21sq,
301 3493 348 3600 cd.
368 3543 455 3598 etiam
475 3548 534 3614 177,
553 3550 595 3598 24.
