2340 3834
330 164 379 218 AD
398 163 584 218 EUOLIDEM
602 163 669 216 LIB.
683 163 715 217 X.
954 163 1019 227 219

42 351 129 389 rum
162 333 266 390 erunt
302 332 338 389 in
369 331 601 408 longitudine
633 331 669 388 in
698 331 933 406 proportione
965 333 1018 388 in·

42 412 349 501 mmunieantia.²)

97 508 259 584 Quoniam,
298 528 364 568 oum
395 528 455 567 non
487 509 637 567 invenitur
673 527 815 568 numerus
847 509 1019 584 quadratuS,

42 598 93 658 ius
122 599 277 675 proportio
303 593 306 675 t
332 599 371 657 sit
399 598 438 655 ad
464 617 620 655 numerum
647 597 826 671 quadratum
853 599 929 656 siout
952 617 1019 673 pro·

42 689 104 746 rtio
130 688 271 763 quadrati
292 687 368 745 linae
393 686 461 744 date
485 686 524 744 ad
547 685 727 761 quadratum
749 686 826 744 linae
850 686 932 761 date,
958 706 1019 746 non
1046 697 1058 738 5

42 778 63 832 .t
94 780 169 834 tuno
201 776 339 836 inventus
372 775 480 850 aliquis
513 793 549 832 ex
578 775 707 833 numeris
736 775 903 850 quadratis,
936 775 1018 833 ouius

42 881 103 923 zera
126 868 209 939 sunt,
236 869 271 923 ut
299 864 490 940 prediximus.
537 862 595 921 Sed
618 863 772 938 proportio
795 864 923 922 laterum
946 884 1017 939 qua-

42 955 162 1011 ntarum
185 953 388 1028 quantitatum
412 953 451 1010 ad
468 953 564 1010 latera
583 952 795 1026 quadratorum
814 953 1018 1026 quantitatum

42 1059 64 1096 n
94 1045 139 1100 est
168 1042 227 1102 nisi
254 1043 330 1101 siout
356 1041 510 1117 proportio
538 1040 666 1099 laterum
692 1059 891 1100 numerorum.
942 1040 1017 1109 Quia

42 1130 101 1188 tur
123 1131 262 1206 quadrati
287 1131 401 1188 numeri
424 1149 484 1187 non
507 1132 576 1187 sunt
598 1129 722 1205 reperti,
747 1149 807 1188 non
830 1133 899 1187 sunt
921 1129 1017 1188 latera
1032 1143 1058 1182 10

42 1234 109 1276 mm
131 1222 263 1294 reperta3
292 1220 342 1278 sed
364 1219 462 1277 latera
485 1218 699 1293 quadratorum
722 1218 925 1293 quantitatum
948 1221 1017 1281 sunt

42 1310 142 1381 renta3
167 1327 236 1384 ergo
260 1308 412 1383 proportio
433 1326 535 1366 earum
554 1307 592 1365 ad
608 1307 736 1365 invicem
756 1303 858 1384 (non)
877 1309 922 1365 est
941 1307 1017 1364 sieut

42 1386 301 1468 iporrioinumeri
324 1397 362 1454 ad
383 1416 546 1454 numerum.

99 1468 266 1543 Secundum
289 1485 421 1544 ordinem
443 1504 513 1544 vero
534 1483 719 1559 probationis
739 1484 889 1543 Euonmrs
913 1484 1016 1542 oetb

42 1572 79 1627 lt
111 1574 392 1634 incommunioantes
419 1575 450 1631 in
476 1573 675 1649 longitudine:
708 1572 773 1632 dieo
800 1573 904 1650 igitur,
938 1572 1017 1647 quod
1030 1582 1056 1623 15

534 1660 685 1737 proportio
701 1662 874 1737 quadratio
892 1663 930 1719 ad
945 1680 1016 1736 qua·

149 1746 316 1813 quadratum
334 1762 352 1797 a
489 1813 493 1849 ¹
534 1750 683 1809 dratumb
706 1769 766 1807 non
785 1754 830 1808 est
849 1751 927 1810 sieut
949 1769 1016 1825 pro-

533 1839 632 1913 portio
659 1839 774 1897 numeri
807 1839 945 1914 quadrati
978 1839 1016 1896 ad

351 1938 369 1974 a
532 1947 690 1985 numerum
721 1927 907 2002 quadratum.
959 1928 1016 1986 Sed

488 1990 491 2027 Ι
533 2035 601 2074 oum
624 2016 776 2091 proportio
804 2017 1016 2090 quadratarum
1030 2029 1056 2068 20

354 2100 369 2152 b
489 2104 1017 2204 quantitatumadinvioemfuerit

489 2167 612 2250 lsiout
632 2192 786 2268 proportio
805 2193 920 2250 numeri
943 2211 1015 2267 qua-

218 2275 417 2342 duadratumb
534 2281 612 2338 drati
640 2280 679 2338 ad
705 2299 861 2338 numerum
889 2280 1015 2355 quadra-

533 2372 611 2444 tum,
647 2372 718 2427 tune
754 2369 850 2427 latera
883 2370 1016 2444 ipsorum

42 2459 131 2514 mt
123 2479 154 2516 m
182 2460 366 2536 longitudine
395 2458 656 2530 communicantia,
684 2459 761 2516 sieut
788 2460 939 2517 ostensum
971 2460 1016 2517 est
1030 2469 1056 2510 2⁵

68 2547 196 2605 secunda
223 2548 429 2606 numeratione
456 2548 543 2606 huius
566 2547 674 2624 figure3
702 2546 754 2605 sed
775 2547 885 2622 latera,
913 2566 1014 2606 seeun-

42 2641 82 2690 tn
107 2636 186 2710 quod
213 2637 344 2712 positum
372 2640 428 2711 est,
462 2640 531 2695 sunt
558 2635 874 2696 incommunieantia
865 2657 897 2694 111
920 2636 1015 2713 longi-

42 2709 122 2782 line:
155 2728 242 2783 amnt
268 2726 362 2803 igitur
388 2683 465 2784 liriee
494 2725 802 2785 communicantesin
769 2725 1014 2803 inlongitudina

76 2811 353 2873 incommunioantes
389 2814 490 2889 simul,
527 2814 607 2890 quod
644 2813 825 2872 eontrarium
863 2817 907 2872 est
943 2809 1015 2893 <et>

42 2901 198 2969 possibile.
265 2904 334 2962 Non
370 2905 415 2961 est
451 2922 521 2980 ergo
557 2902 710 2978 proportio
746 2903 884 2978 quadrati
921 2922 940 2961 o
976 2903 1015 2961 ad
1029 2914 1055 2954 30

42 2989 186 3048 adratum
205 2992 221 3049 b
245 2992 321 3050 siout
338 2992 491 3067 proportio
509 2992 624 3049 numeri
643 2992 783 3067 quadrati
803 2991 841 3048 ad
859 3010 1015 3049 numerum

42 3077 200 3152 'adratum3
225 3084 254 3138 et
277 3081 352 3138 illud
370 3084 424 3155 est,
448 3079 526 3155 quod
549 3080 750 3140 demonstrare
773 3079 927 3138 voluimus.

42 3189 220 3208 *—

114 2343 117 2380 i

42 3273 100 3385 i1.
120 3266 151 3320 in
169 3265 362 3338 proportione]
381 3265 583 3336 inpositio-
608 3272 649 3320 10.
668 3268 786 3335 reperta.
807 3272 906 3319 -29
926 3265 1013 3336 quod]

58 3354 81 3391 a.

42 3451 219 3466 B*-

78 3538 103 3604 1)
123 3533 176 3588 Cfr,
192 3535 288 3588 notam
304 3539 319 3586 2
336 3552 364 3604 p.
381 3539 432 3589 217
451 3533 520 3588 inde
539 3551 557 3588 a
574 3531 671 3588 verbio
692 3532 793 3603 „Quod
811 3531 838 3584 ai
854 3529 957 3594 tuartt‘
980 3526 1041 3574 eta.
