2340 3834
91 179 153 243 126
376 178 541 232 ANAltlTII
560 176 816 233 COMMENTARH

88 352 119 406 et
143 349 188 422 qd
214 349 284 407 sunt
312 347 526 422 equidistantes
553 351 606 406 aut
633 367 693 406 non
717 348 941 424 equidistantes.
986 348 1110 408 Ponam

86 437 189 512 itaque
220 437 330 512 primo,
361 439 397 494 ut
426 437 486 512 ipsi
517 437 578 495 sint
606 437 833 512 equidistantes‚
865 439 896 496 et
923 433 1110 515 coniungam

85 526 164 583 inter
186 525 259 584 duas
281 524 376 583 lineas
400 544 432 599 a,
452 545 472 600 p
501 529 532 584 et
558 527 587 599 d,
610 528 635 585 b.

84 613 197 690 Anguli
238 614 333 691 igitur
375 615 519 673 coaltemi
566 618 636 674 sunt

57 703 218 778 aequales,
260 722 330 779 ergo
367 704 493 780 angulus
534 721 554 762 o
590 708 636 762 est

84 791 199 867 equalis
223 792 332 868 angulo
353 810 386 866 q,
412 796 442 850 et
465 793 591 869 angulus
615 794 635 851 d

85 884 129 939 est
152 880 266 956 equalis
289 882 397 958 angulo
417 884 443 940 b.
480 881 538 940 Sed
554 881 635 940 basis

84 971 125 1045 ob
145 972 190 1028 est
208 969 322 1044 equalis
340 970 405 1028 basi
421 972 478 1044 pd,
502 990 571 1047 ergo
591 990 634 1029 se-

84 1058 213 1116 cundum
234 1058 441 1134 probationem
463 1058 557 1136 figure
581 1061 635 1118 20⁰

44 1161 70 1200 ro
83 1147 177 1221 prime
196 1148 291 1223 partis
309 1148 390 1207 latus
404 1166 443 1206 oe
461 1151 506 1206 est
520 1148 634 1222 equalis

84 1236 171 1293 lateri
199 1255 253 1312 op,
286 1241 316 1296 et
342 1237 423 1295 latus
452 1238 487 1294 eb
520 1236 633 1311 equalis

82 1324 171 1383 lateri
195 1327 240 1385 cd.
277 1327 357 1402 Ergo
381 1325 437 1382 due
459 1326 538 1383 recte
556 1325 634 1384 linee

83 1432 125 1487 op
153 1417 183 1472 et
211 1416 253 1473 bd
284 1416 386 1472 secant
413 1432 443 1472 se
470 1414 502 1471 in
525 1413 633 1472 circulo

83 1521 173 1577 supra
202 1502 438 1561 coniunctionem
457 1521 558 1560 earum
580 1497 655 1580 <per
674 1497 826 1577 equalia>:
849 1500 1012 1560 secundum
1030 1521 1103 1576 pro·

43 1604 68 1643 15
82 1591 235 1649 bationem
261 1591 355 1667 igitur
381 1590 474 1668 figure
498 1593 532 1649 4⁰
558 1591 646 1650 huius
669 1591 764 1666 partis
792 1589 939 1665 sequitur,
968 1592 1004 1647 ut
1031 1609 1103 1648 cen-

82 1683 162 1737 trum
181 1679 284 1738 circuli
303 1680 342 1738 sit
360 1683 504 1754 punctum
518 1698 544 1753 e,
569 1682 599 1737 et
617 1680 691 1738 illud
715 1684 769 1754 est,
791 1677 870 1754 quod
893 1678 1103 1738 demonstrare

81 1768 238 1827 voluimus

148 1856 262 1914 Ponam
290 1857 393 1932 etiam,
421 1862 536 1916 utnon
559 1859 705 1933 sintipse
729 1856 955 1934 equidr'stantes,
984 1856 1104 1916 scilicet

82 1945 160 2002 linee
184 1947 225 2005 ab
249 1948 280 2003 et
299 1947 345 2021 by.
386 1946 565 2005 Protraham
583 1947 687 2022 itaque
706 1967 765 2022 eas,
783 1948 876 2005 donec
895 1963 985 2020 supra
1004 1965 1101 2020 punc-

42 2046 68 2086 ao
81 2036 148 2091 tum
181 2052 195 2093 e
222 2039 411 2110 concurrant,
444 2038 474 2095 et
501 2037 675 2110 protraham
703 2037 776 2096 duas
803 2037 897 2093 lineas
926 2053 967 2108 op
995 2038 1026 2093 et
1058 2036 1103 2095 bd

79 3045 142 3086 sese
166 3044 255 3101 supra
277 3029 421 3102 punctum
443 3043 459 3084 e
482 3029 624 3099 secantes,
648 3028 678 3082 et
700 3024 862 3100 producam
887 3024 999 3082 lineam
1022 3029 1097 3087 eeb:

78 3114 144 3174 dieo
176 3115 282 3192 igitur,
314 3115 394 3190 quod
426 3118 559 3174 centrum
587 3114 689 3173 circuli
717 3115 762 3172 est
790 3131 880 3188 supra
906 3113 1017 3171 lineam
1048 3117 1096 3175 eb.

77 3203 220 3263 Probatio
249 3205 325 3278 eius,
353 3205 495 3279 quoniam
522 3205 649 3282 angulus
677 3205 742 3276 bap
769 3207 814 3261 est
842 3202 956 3276 equalis
980 3205 1096 3280 angulo

78 3293 156 3367 bpd,
184 3311 218 3352 eo
247 3293 325 3369 quod
353 3295 424 3351 sunt
450 3293 482 3349 in
504 3313 564 3351 una
586 3292 723 3368 portione
747 3291 856 3350 circuli.
903 3282 965 3370 (Ab
988 3292 1095 3352 huius-

37 3381 159 3441 semodi
187 3383 266 3441 enim
291 3380 394 3460 figinis
416 3381 515 3440 innuit
537 3381 739 3458 probationes,
766 3380 838 3438 licet
859 3380 1007 3455 posterius
1030 3382 1096 3442 sint

133 3556 176 3607 25.
196 3551 274 3607 indii
288 3550 488 3624 probationes.
