2340 3834
61 155 112 210 XII
425 157 706 213 PROLECCMENA.

80 320 107 386 9)
131 335 157 385 p.
178 321 331 372 ace-296:
361 315 462 386 Optica
485 334 534 371 seu
556 316 731 386 perspectiva
748 317 889 370 Prononrr
912 319 964 387 (est
982 318 1072 372 versio

134 395 251 449 Euenum
269 396 404 448 Anrnncnr
422 396 514 450 S1cuu1
533 397 567 450 de
585 396 706 450 Arabico
716 397 747 466 1);

63 479 107 545 10)
131 494 158 544 p.
179 481 333 531 aee-402:
353 476 481 530 Eucrmrs
497 474 658 530 Geometria
676 492 710 529 ex
729 475 852 530 editione
866 476 993 532 Cimini.
1023 478 1073 532 Sn-

132 555 193 610 bito
212 554 243 608 in
260 555 326 609 libri
341 555 379 608 XI
396 555 589 626 propositione
603 555 693 608 XXIX
712 555 889 624 abrumpitur
902 557 1007 611 verbis:
1026 560 1073 613 ced

132 653 190 690 uou
206 653 288 704 super
306 637 407 690 liuram
424 654 517 691 uuum.
556 635 655 704 Sitque.

62 714 116 780 Qui
136 714 248 784 scripsit
265 715 381 784 librum,
401 733 465 770 eum
484 716 518 770 de
537 715 739 770 mathematica
757 733 849 785 pauca
867 717 912 772 vel
928 716 1001 771 nihil
1020 716 1072 771 sci-

61 794 134 849 visse
156 795 392 849 verisimillimum
415 798 465 850 est.
503 795 579 850 Male
603 795 678 849 enim
702 812 785 865 saepe
803 797 891 851 verba
914 801 943 850 et
961 814 1073 851 sensum

61 873 223 945 interpretis
246 875 390 929 mutilavit
419 877 447 929 et
473 875 598 930 detorsit.
645 876 684 929 Ut
712 876 839 946 exempla
865 877 992 947 afferam,
1019 895 1070 946 pro

61 993 177 1062 cupitur
200 990 312 1060 scripsit
335 979 371 1047 ὦ
388 973 419 1062 ᾇ,
448 990 540 1045 idest
562 991 732 1060 eritI'yttur,
759 1008 810 1060 pro
829 999 935 1047 erutum
958 991 1070 1061 saepius

62 1078 191 1126 ceutrum.
225 1071 278 1124 Pro
298 1077 323 1126 et
337 1072 423 1126 attera
442 1069 554 1139 scripsit
568 1077 592 1126 et
607 1071 701 1138 lutera,
719 1087 801 1140 super
813 1073 902 1139 filium
914 1089 965 1141 pro
978 1090 1070 1141 super-

61 1152 160 1219 fluum,
186 1157 337 1220 queretetru
354 1166 405 1219 pro
424 1157 562 1220 queretur,
587 1151 748 1218 rectamque
767 1149 918 1206 lectionem
940 1153 1072 1220 quesitam

60 1229 166 1299 pluries
180 1230 211 1283 in
224 1247 275 1300 que
288 1231 384 1284 sutum
397 1229 543 1284 convertit.
568 1229 790 1284 Innumerabiles
804 1248 894 1300 paene
908 1234 974 1285 sunt
988 1232 1071 1287 omis-

62 1309 153 1364 siones
167 1327 217 1379 per
226 1308 460 1379 homoeoteleuta,
476 1326 548 1377 quae
558 1311 700 1377 vocantur,
715 1309 935 1379 iterationesque
946 1310 1071 1366 eiusdem

62 1389 139 1443 verbi
157 1388 202 1443 vel
216 1389 370 1442 verborum.
398 1388 519 1458 Figurae
534 1405 652 1457 quoque,
672 1406 843 1458 quamquam
856 1390 961 1459 optime
975 1391 1071 1446 viden-

61 1469 107 1521 tur
127 1468 293 1539 delineatae,
312 1469 432 1539 pessime
450 1471 546 1523 tamen
561 1468 689 1537 depictae
704 1472 776 1525 sunt.
805 1470 903 1538 Neque
918 1470 993 1524 enim
1006 1489 1071 1541 pro-

61 1548 154 1618 portio
172 1548 296 1618 partium
314 1552 425 1603 servata
444 1551 498 1617 est,
522 1565 612 1616 neque
631 1548 721 1602 forma
740 1565 835 1602 earum
854 1566 962 1619 semper
979 1551 1071 1605 textui

63 1628 282 1683 accommodata.
324 1628 452 1697 Exempli
475 1628 569 1698 gratia
591 1628 730 1695 quadrata
755 1645 844 1698 paene
868 1646 977 1699 semper
998 1633 1070 1684 rect·

62 1707 181 1777 angulis,
201 1707 312 1776 saepius
332 1724 442 1776 qnoque
460 1706 732 1777 parallelogrammis
747 1707 888 1778 descripta
902 1711 975 1779 sunt,
994 1713 1026 1764 ut
1041 1711 1071 1764 in

60 1787 151 1857 figura
169 1786 368 1856 propositionis
387 1787 577 1856 Heronianae,
599 1804 655 1855 qua
675 1787 791 1841 docetur
808 1791 865 1842 tres
883 1787 973 1842 lineas
993 1789 1071 1843 auxi-

60 1865 144 1920 liares
167 1865 198 1918 in
220 1867 393 1920 theoremate
411 1865 598 1936 Pythagorico
623 1867 722 1920 ductas
745 1867 775 1920 in
799 1869 896 1922 eodem
916 1871 1020 1937 puncto
1041 1886 1070 1923 se

61 1962 155 2000 secare
174 1945 279 2015 (videas
297 1965 324 2015 p.
340 1950 392 2015 83).

131 2035 164 2087 In
181 2036 261 2087 textu
280 2033 477 2089 constituendo
496 2037 524 2089 et
541 2035 658 2089 lacunas
677 2035 782 2088 codicis
801 2034 956 2105 supplendo
975 2037 1070 2088 textus

61 2113 226 2168 anrnouun
244 2113 391 2167 Hammon
412 2114 496 2183 primi
514 2115 580 2168 libri
603 2117 632 2168 et
650 2114 866 2169 commentarius
884 2114 1013 2183 Pnoom‘)
1034 2114 1070 2166 ad

61 2193 135 2247 hunc
157 2193 261 2247 libmm
283 2194 412 2248 Eucnmrs
436 2193 589 2248 maximum
612 2194 767 2248 afferebant
790 2193 939 2262 auxilium,
962 2210 1070 2260 usuque

61 2274 202 2327 scribendi
216 2273 409 2328 Cherardiano
425 2274 511 2328 semel
525 2274 637 2344 cognito
655 2273 727 2329 etin
741 2273 922 2342 sequentibus
937 2272 1017 2326 libris
1032 2274 1069 2327 ab

60 2354 213 2407 Hnmrroro
232 2354 356 2408 nondum
374 2353 496 2424 vulgatis
514 2355 630 2408 lacunas
644 2354 760 2424 implere
773 2353 919 2420 malasque
933 2352 1069 2407 lectiones

60 2434 213 2488 rectificare
231 2450 288 2488 non
306 2436 366 2487 tarn
385 2433 500 2488 difficile
519 2436 586 2489 erat.
624 2435 656 2488 In
675 2432 901 2502 definitionibus,
924 2431 1069 2502 petitioni-

60 2514 113 2567 bus
137 2516 166 2567 et
189 2512 378 2567 axiomatibus
401 2514 531 2568 Eucnrms
558 2512 734 2568 declarandis
758 2515 851 2567 textus
875 2530 986 2580 quoque
1008 2512 1069 2581 ipse

60 2593 189 2647 Encnmrs
209 2593 244 2646 ab
264 2595 377 2647 auctore
397 2592 512 2648 affertur
530 2597 558 2648 et
576 2594 606 2647 in
624 2592 707 2646 initio
725 2591 810 2661 primi
828 2591 895 2645 libri
916 2592 993 2647 etin
1012 2608 1069 2646 orn-

60 2673 156 2742 nibus,
184 2671 338 2740 inquibus
361 2673 433 2727 tales
458 2676 613 2728 occurrunt.
655 2673 687 2726 In
709 2671 930 2726 theorematibus
953 2689 1017 2725 vero
1041 2672 1070 2724 et

60 2752 296 2822 problematibus,
317 2769 387 2820 quos
406 2755 577 2808 commentat
595 2755 705 2821 auctor,
725 2752 802 2806 solae
821 2752 993 2819 additiones,
1012 2769 1070 2806 non

60 2834 154 2886 textus
177 2831 237 2901 ipse
259 2831 494 2901 propositionum,
518 2833 568 2886 sed
589 2832 698 2886 numeri
722 2834 833 2886 tantum
851 2848 947 2886 earum
965 2831 1070 2885 adscri-

133 3030 158 3095 1)
176 3026 277 3081 Editus
296 3029 339 3082 est
357 3027 429 3082 liber
444 3044 461 3081 a
475 3027 611 3082 Gaurano
628 3026 699 3081 chr
718 3028 769 3081 sub
784 3026 881 3083 titulo:
903 3027 1021 3082 L'cttr'ou
1038 3028 1070 3080 a·

62 3098 183 3152 Canusio
203 3098 334 3152 Toronae
358 3101 395 3153 du
416 3099 540 3153 Eudamo
559 3099 733 3152 Anumnomo
756 3118 786 3151 nr
806 3099 921 3166 S1crn1n,
948 3099 1069 3153 scribere

60 3170 104 3223 det
121 3170 205 3225 secolo
224 3170 292 3224 XII
310 3171 413 3225 rudctta
435 3171 467 3224 tu
490 3171 577 3225 tots'uc
599 3186 679 3225 soora
701 3171 730 3224 Ia
750 3171 910 3225 traduatoue
928 3171 1015 3223 orabo
1038 3169 1070 3222 dt

60 3257 116 3294 usuc
130 3247 195 3295 testo
208 3258 285 3310 preco
298 3241 449 3310 Imperfetto
468 3257 518 3295 ora
532 3258 584 3310 per
598 3243 626 3295 Ia
640 3242 735 3309 pruma
752 3242 825 3295 cotto
843 3241 979 3308 conforme
995 3258 1013 3294 u
1028 3257 1069 3293 rus

60 3312 149 3366 codtce
167 3311 239 3366 detta
256 3313 330 3367 Bibt.
350 3313 535 3366 Ambrosium
549 3313 716 3381 pubblicum.
755 3310 857 3365 Torino
877 3316 954 3364 1885.

132 3385 158 3451 2)
176 3383 249 3436 Usus
268 3400 330 3435 sum
348 3381 471 3436 editione
490 3383 672 3438 Inmensum:
690 3383 793 3436 Procnr
810 3381 949 3435 Dmnocnr
967 3378 997 3433 in
1010 3379 1067 3448 pri-

59 3471 136 3506 mum
168 3454 296 3507 Eucrrms
329 3453 530 3507 elementorum
565 3453 669 3506 librum
701 3451 900 3507 commentarii.
955 3449 1069 3519 Lipsiae

59 3523 96 3579 M.
110 3523 208 3580 DCCC.
223 3524 343 3579 LXXIII.
