2340 3834
63 107 128 173 338
346 109 514 163 nNARITu
532 108 788 164 COMMENTARII

62 278 171 353 triplus
195 276 264 335 eius.
306 276 464 336 Assumam
487 280 587 336 autem
609 277 733 354 triplum
758 280 809 355 36,
832 279 890 338 erit
907 298 982 358 ergo
1001 282 1072 356 108,

63 365 143 443 quod
165 368 211 424 est
233 365 412 440 quadratum
433 366 510 425 linco
533 367 579 425 ab.
620 367 734 426 Deinde
754 368 916 444 attendam,
942 373 1071 445 quantus

62 456 102 514 sit
124 455 273 512 ternarius
296 454 335 512 ad
358 456 390 528 53
414 456 471 513 erit
493 473 621 530 namque
644 447 688 535 ³l5.
732 455 888 533 Accipiam
911 477 984 536 ergo
1008 477 1070 517 cen·

62 562 140 618 sum,
168 543 250 601 cuius
277 534 311 622 ssa
339 544 399 602 sint
427 545 482 618 36,
510 543 561 619 qui
589 548 634 602 est
662 547 716 620 60,
744 546 774 604 66
796 546 860 622 ipse
885 546 1006 623 quidem
1028 550 1071 606 666

34 630 240 707 6666066666
266 631 343 690 lineo
370 633 412 690 bt.
458 632 525 691 Erit
552 652 636 710 ergo,
663 637 698 692 ut
724 633 810 693 radix
840 636 902 695 108
933 639 965 694 et
987 635 1069 695 radix

397 790 413 836 6

220 856 223 892 ι
596 855 618 892 ro

156 968 167 1069 Ι6
263 963 347 1016 radic
365 967 402 1017 60
497 962 516 1068 lp
656 963 741 1017 radix
758 967 815 1017 108
960 979 976 1071 ,6

216 1157 234 1236 p
380 1145 396 1192 5
542 1142 561 1248 ‘i
661 1146 679 1192 4
784 1141 800 1247 lp

465 1317 559 1356 6666666

676 1378 693 1425 3
800 1387 814 1425 6

563 1443 566 1480 ι
805 1441 810 1478 1

59 1559 100 1616 60
128 1557 167 1616 s'it
193 1558 357 1616 binomium
382 1558 516 1616 tercium.
565 1558 621 1616 Est
648 1575 718 1633 ergo
744 1556 899 1631 proportio
928 1557 982 1630 66,
1011 1549 1162 1629 (φῖ-’.ἱ

58 1649 103 1703 666
127 1649 155 1720 9,
179 1646 217 1704 ad
236 1648 289 1720 96,
313 1646 364 1721 qui
387 1650 432 1705 est
456 1648 485 1722 5,
507 1646 584 1705 sieut
606 1644 760 1721 proportio
786 1645 848 1703 108
874 1643 912 1701 ad
932 1645 984 1719 60,
1007 1654 1164 1718 quae

57 1735 102 1791 est
123 1735 277 1809 proportio
299 1734 466 1794 medietatis
490 1737 520 1792 66
541 1734 636 1792 medie
659 1753 744 1792 6666.
787 1731 955 1792 Secundum
974 1731 1166 1791 alium-n

57 1840 175 1896 quoque
207 1823 327 1883 modum
358 1823 563 1899 multiplicabo
595 1824 647 1898 69,
679 1821 760 1899 quod
791 1824 837 1880 est
866 1825 898 1896 9,
930 1820 963 1879 in
991 1839 1097 1896 666-
1114 1832 1164 1869 -r

17 1926 44 1965 io
58 1910 177 1970 dratum
204 1929 236 1986 6,
264 1911 344 1987 quod
371 1916 416 1970 666
444 1914 498 1987 36,
527 1912 584 1970 erit
611 1931 681 1988 ergo
706 1912 782 1984 3243
810 1910 942 1969 dividam
964 1911 1166 1968 autenzn

57 2000 156 2075 ipsum
182 2019 236 2076 por
263 2018 289 2076 6,
323 2001 374 2076 qui
402 2004 446 2060 666
475 2002 508 2076 3,
534 1998 710 2077 provenient
737 2017 807 2076 ergo
835 2000 915 2074 108,
942 1998 995 2074 qui
1021 1985 1166 2056 ostii

57 2108 117 2147 una
141 2089 265 2147 duarum
288 2089 441 2148 linearum.
486 2089 600 2147 Deinde
622 2087 829 2164 multiplicabo
853 2089 872 2146 5
895 2087 928 2145 in
953 2088 1007 2163 36,
1035 2088 1105 2144 ei*
1116 2072 1165 2125 51

56 2178 232 2253 provenient
256 2179 332 2253 1803
356 2178 487 2238 dividam
510 2180 611 2237 autem
632 2176 731 2253 ipsum
754 2196 808 2252 per
831 2176 860 2251 3,
884 2179 914 2234 et
936 2177 995 2234 erit
1014 2177 1065 2236 60.
1082 2159 1161 2216 AE.

56 2265 188 2344 Longior
227 2285 296 2344 ergo
336 2285 425 2343 supra
460 2267 624 2325 breviorem
660 2268 760 2341 potest
797 2283 866 2323 cum
903 2261 1158 2342 augmentffl

16 2367 42 2407 15
57 2355 208 2430 quadrati,
240 2355 319 2431 quod
352 2357 396 2413 est
426 2357 481 2430 48,
514 2355 593 2431 quod
621 2356 666 2413 est
693 2353 911 2412 communicans
942 2355 1005 2414 108
1032 2350 1155 2411 615]

55 2444 240 2521 longitudine
259 2445 400 2520 quoniam
416 2447 460 2502 666
479 2435 513 2523 26,
532 2445 604 2518 eius,
623 2446 653 2501 66
671 2443 742 2519 quia
760 2462 796 2500 ex
814 2437 1152 2518 multiplicationffi

55 2533 141 2590 unius
174 2550 274 2590 eorum
306 2534 338 2590 in
370 2534 496 2591 alterum
523 2532 660 2608 provenit
688 2530 859 2608 quadratus,
910 2529 995 2600 Quod
1022 2523 1147 2589 siff

55 2619 205 2695 probatur.
256 2619 332 2689 Quia
361 2622 439 2679 enim
466 2621 618 2697 proportio
646 2621 686 2695 bp
713 2619 751 2678 ad
778 2637 793 2678 6
820 2622 866 2678 666
892 2619 970 2678 sicut
996 2626 1140 2695 pros

54 2709 151 2784 portio
180 2710 319 2785 quadrati
344 2711 383 2770 66
407 2710 445 2768 ad
468 2710 648 2785 quadratum
670 2727 703 2784 6,
731 2710 763 2766 66
783 2707 938 2784 proportio
962 2709 1003 2782 69
1025 2706 1116 2766 ad>

15 2810 70 2856 ace
97 2817 156 2856 666
184 2802 229 2856 666
256 2799 334 2857 sicut
360 2800 513 2875 proportio
540 2798 656 2855 numeri
680 2795 822 2872 quadrati
844 2796 1088 2856 adnumerum

54 2886 247 2961 quadratum,
279 2890 309 2945 et
339 2888 492 2963 proportio
525 2887 664 2962 quadrati
694 2887 733 2945 66
766 2885 803 2943 ad
836 2885 1017 2962 quadratum
1043 2903 1065 2943 c

53 2992 113 3033 non
149 2978 194 3033 est
225 2975 301 3034 sicut
331 2978 485 3052 proportio
517 2975 631 3033 numeri
663 2973 802 3050 quadrati
834 2973 873 3032 ad
903 2993 1062 3033 numerum

54 3063 244 3140 quadratum:
273 3084 342 3141 ergo
369 3066 408 3123 66
435 3065 604 3141 seiungitur
627 3082 646 3122 a
668 3064 699 3120 in
722 3060 908 3140 longitudine
932 3065 963 3122 et
985 3081 1060 3122 eom·

26 3176 29 3183 ’
53 3153 186 3211 munioat
213 3151 240 3208 ei
267 3153 299 3209 in
325 3154 469 3228 potentia.
516 3151 573 3210 Sed
596 3171 614 3211 α
638 3154 683 3210 666
705 3151 875 3226 rationalis,
903 3154 934 3210 et
955 3152 995 3213 cb
1017 3153 1063 3210 666

12 3253 40 3294 2⁶
53 3240 209 3301 rationalis
237 3239 267 3297 in
290 3242 433 3316 potentia.
479 3241 520 3300 Et
542 3241 679 3299 similiter
700 3242 897 3318 monstratu,
926 3239 1006 3317 quod
1026 3239 1064 3297 bt

52 3334 98 3390 666
127 3329 284 3389 rationalis
317 3330 348 3387 in
379 3331 514 3405 potentia
542 3333 571 3388 et
598 3330 732 3388 seiuncta
758 3347 779 3388 6
806 3329 838 3387 in
865 3328 1059 3408 longitudine.

44 3433 262 3445 *-

105 3493 131 3544 5.
154 3486 336 3558 quadratum
355 3492 375 3558 ἦ
393 3484 474 3540 linee
490 3485 536 3541 bt,
555 3514 590 3524 -
607 3479 694 3534 radun
705 3483 732 3544 6
743 3482 809 3530 666.
827 3507 858 3516 -
874 3482 922 3528 aa.
931 3477 972 3528 ab
984 3480 1029 3530 66.
