2316 3840
113 187 179 252 154
397 189 563 244 ANARITII
580 188 837 245 COMMENTARII

111 357 311 433 pandiculeris
339 359 371 415 tt
399 359 512 433 equalis
539 358 776 435 perpendiculari
802 359 847 417 st.
895 359 937 417 st
964 361 1098 419 secunda

112 446 198 504 huius
230 446 414 521 probationis
446 447 671 507 similitudinem
702 447 869 521 ostendam,
901 447 986 523 quod
1017 450 1098 526 reliq*

112 535 368 610 perpendiculares
388 539 457 594 sunt
475 538 603 612 equales.
645 535 719 595 Cum
738 555 807 613 ergo
825 537 1016 611 posuerimus
1035 558 1098 614 pun

112 627 177 681 tum
207 625 227 681 h
252 627 397 698 centrum,
429 628 460 683 et
486 626 763 684 circumduxerimus
791 625 935 683 circulum
963 628 1098 686 secundo

82 713 242 788 espatium
265 713 351 772 unius
373 714 479 772 harum
501 714 797 790 perpendicularium,
818 714 963 773 transibit
984 735 1041 790 per
1058 717 1098 774 rel

112 821 172 877 qua
193 806 304 877 puncta
327 806 350 876 t,
372 804 404 876 Ιι,
427 805 449 878 l,
472 822 515 877 m,
537 823 566 878 u,
589 821 616 875 ις
641 805 671 861 et
693 803 770 860 linee
793 804 946 877 protracte
972 823 990 862 a
1015 819 1098 880 punct

111 893 129 948 h
157 891 196 948 ad
223 891 276 948 hec
302 895 412 966 puncta
440 895 527 950 erunt
548 891 814 967 perpendiculares.
859 892 1098 952 Manifestimc

111 980 261 1056 igiturex
284 980 459 1054 probatione
482 981 574 1058 figure
597 981 781 1056 quindecimo
804 981 899 1055 partis
917 981 1022 1056 tercie,
1046 1001 1098 1058 quo

111 1070 207 1127 latera
229 1069 322 1146 figure
345 1069 522 1146 contingunt
544 1070 686 1128 cuculum
709 1068 889 1143 descriptum
911 1070 993 1128 intra
1012 1069 1098 1146 ipsan

69 1172 97 1211 ic
111 1160 141 1215 et
162 1158 238 1215 illud
261 1161 314 1232 est,
337 1158 416 1232 quod
438 1159 638 1217 demonstrare
661 1159 816 1216 voluimus

176 1247 260 1306 Dixit
289 1247 421 1305 annus:
453 1246 592 1305 Preterea
623 1266 745 1323 ponam,
777 1249 811 1304 ut
843 1246 899 1304 due
925 1251 1009 1306 recte
1039 1250 1098 1306 line

109 1356 166 1411 que
194 1336 331 1394 dividunt
354 1335 427 1395 duos
451 1337 576 1413 angulos
599 1338 676 1411 obp,
700 1337 764 1410 bpd
785 1335 817 1392 in
840 1336 898 1394 duo
920 1336 1033 1412 media,
1057 1357 1099 1397 eor

109 1429 230 1484 currant
256 1425 336 1482 intra
364 1423 497 1500 figuram.
547 1424 661 1483 Ponam
688 1426 789 1499 itaque
817 1424 945 1501 figuram
969 1428 1098 1501 equaliu

108 1514 236 1571 laterum
260 1516 290 1572 et
313 1513 502 1589 angulorum,
526 1513 639 1572 scilicet
661 1532 750 1589 supra

66 1613 167 1677 isque
196 1605 263 1660 sunt
291 1620 323 1675 o,
346 1603 376 1675 b,
397 1620 430 1676 p,
450 1603 483 1675 d,
507 1620 534 1676 e,
561 1619 592 1676 a,
625 1605 655 1660 et
683 1622 749 1661 con-

108 1693 230 1767 iungam
258 1693 299 1749 ad
330 1693 360 1748 et
386 1691 424 1749 ab
452 1694 482 1749 et
508 1709 547 1764 aa
579 1694 608 1749 et
633 1692 687 1766 bd,
721 1694 750 1749 et

108 1779 240 1836 dividam
263 1780 405 1856 angulum
428 1781 493 1852 obp
516 1779 548 1836 in
571 1779 629 1839 duo
652 1781 749 1838 media

108 1886 175 1925 cum
206 1869 285 1926 linea
313 1870 360 1926 bt.
415 1869 455 1926 Et
482 1869 553 1942 quia
585 1869 641 1927 due
673 1870 749 1926 linee

108 1958 165 2030 bo,
195 1975 235 2015 oa
269 1959 337 2014 sunt
369 1958 488 2031 equales
525 1956 638 2016 duabus
662 1958 748 2015 lineis

66 2059 93 2099 ac
105 2046 156 2120 pb,
168 2047 216 2119 μά,
231 2048 261 2103 et
275 2046 401 2122 angulus
416 2064 436 2119 p
451 2048 497 2103 cst
511 2045 624 2121 equalis
639 2047 749 2122 angulo

107 2153 139 2193 a:
180 2154 249 2211 ergo
281 2134 360 2192 basis
393 2128 430 2194 ba
462 2137 507 2193 est
539 2135 653 2209 equalis
684 2135 748 2193 basi

107 2225 157 2301 bd,
180 2226 211 2282 et
233 2224 359 2300 angulus
381 2224 444 2282 aba
467 2226 512 2281 est
532 2224 645 2298 equalis
664 2224 772 2300 angulo
792 2225 863 2298 dbp.
905 2223 964 2283 Sed
982 2246 1039 2286 nos
1059 2248 1098 2287 cin

107 2313 260 2372 divisimus
285 2313 427 2389 angulum
450 2314 514 2385 obp
536 2311 568 2370 in
590 2312 649 2371 duo
671 2301 769 2370 media
792 2331 858 2371 cum
878 2314 960 2372 linea
979 2317 1035 2374 bh:
1055 2337 1098 2394 erp

107 2402 233 2478 angulus
265 2403 327 2462 able
360 2405 404 2460 est
436 2401 550 2476 equalis
583 2402 692 2477 angulo
721 2402 793 2461 deo.
843 2403 884 2460 Et
911 2404 1019 2480 etiam,
1054 2407 1098 2481 qiu'

65 2502 92 2541 ιι
105 2490 185 2547 linea
216 2492 254 2549 ab
287 2494 332 2548 est
362 2490 476 2565 equalis
503 2489 580 2547 linee
608 2492 661 2565 db,
694 2509 764 2567 ergo
791 2489 871 2548 linea
899 2493 943 2550 dh
972 2511 1098 2553 commu]

107 2580 193 2634 crunt
221 2579 277 2636 due
299 2580 377 2636 lineo
400 2581 451 2654 ab,
475 2580 514 2636 bo
537 2579 656 2652 equales
680 2578 794 2637 duabus
817 2579 903 2638 lineis
927 2582 983 2656 do,
1010 2584 1066 2659 ba,
1093 2605 1098 2638 ι

106 2667 232 2742 angulus
259 2668 320 2725 aba
348 2671 393 2726 est
420 2668 534 2743 equalis
563 2668 672 2743 angulo
700 2669 779 2725 doe:
808 2687 877 2744 crgo
904 2668 986 2727 basis
1013 2674 1055 2730 at
1078 2693 1098 2730 er

106 2755 220 2830 equalis
247 2755 312 2813 basi
335 2757 391 2830 dh,
420 2760 449 2815 et
472 2757 598 2832 angulus
622 2757 682 2815 bles
705 2759 750 2814 est
773 2757 886 2832 equalis
910 2759 1025 2834 angulo
1051 2763 1098 2819 the

106 2863 176 2920 ergo
209 2844 335 2921 angulus
368 2846 428 2904 blaa
460 2848 504 2903 est
535 2848 641 2903 rectus.
691 2845 732 2902 Et
765 2845 869 2920 etiam,
901 2846 974 2920 quia
1007 2850 1049 2906 ch
1079 2869 1098 2908 er

64 2945 91 2984 sc
106 2932 220 3007 equalis
247 2934 303 3008 hd,
332 2953 401 3009 ergo
423 2935 462 2991 hc
484 2933 583 3008 posita
607 2934 755 2992 communi
778 2937 864 2992 amnt
887 2934 943 2992 due
968 2936 1049 2996 linae
1072 2941 1098 2998 ai

103 3022 143 3079 te
165 3023 284 3096 equales
308 3022 421 3081 duabus
444 3022 530 3081 lineis
554 3023 604 3096 dt,
625 3024 670 3080 tc.
713 3021 770 3080 Sed
788 3023 867 3081 basis
885 3041 920 3081 ae
939 3027 986 3083 est
1006 3028 1098 3102 equal

104 3109 170 3167 basi
202 3112 252 3169 ed:
286 3129 356 3187 ergo
384 3112 509 3186 angulus
537 3112 596 3170 ahc
624 3113 669 3169 est
697 3111 810 3186 equalis
841 3112 951 3188 angulo
981 3115 1060 3190 dhe,
1093 3138 1098 3172 ι

105 3199 231 3274 angulus
258 3201 317 3258 seh
345 3203 389 3257 est
417 3201 530 3275 equalis
559 3201 669 3276 angulo
697 3201 765 3258 doh.
817 3200 954 3277 Angulus
983 3202 1081 3280 igitur

103 3287 166 3345 iam
189 3290 234 3345 est
257 3287 368 3346 divisus
391 3287 423 3345 in
446 3289 504 3347 duo
526 3288 633 3346 media.
680 3287 738 3346 Sed
761 3290 887 3366 angulus
910 3292 971 3350 ahc
995 3297 1043 3353 est
1061 3313 1098 3353 re

62 3389 89 3428 ss
103 3379 165 3450 tus,
194 3379 224 3434 et
251 3377 312 3434 iam
338 3376 397 3435 fuit
425 3380 587 3454 ostensum,
617 3378 695 3452 quod
724 3378 815 3435 etiam
839 3380 967 3455 angulus
991 3384 1055 3443 aleb
1079 3404 1098 3442 s

103 3468 213 3529 rectus:
238 3484 307 3542 ergo
330 3467 410 3524 linea
433 3467 474 3525 bt
497 3466 598 3524 iuncta
622 3469 667 3524 est
688 3465 768 3524 linea
790 3468 830 3525 hc
852 3469 1016 3528 seeundum
1036 3477 1098 3532 rect

93 3554 238 3615 tudinem.
285 3555 383 3617 Linea
411 3574 483 3636 ergo
509 3554 646 3616 dividens
668 3557 813 3631 angulum
832 3558 896 3629 ubq
919 3563 1098 3632 provenite
