2340 3834
392 189 441 244 AD
459 190 645 246 EUCLIDEM
663 190 729 245 LIB.
744 189 777 245 X.
1017 189 1081 252 315

69 358 124 430 bgr,
153 361 184 416 θῖ
212 358 395 434 quadratum
422 358 563 434 quadrati
590 360 627 418 be
654 362 699 418 θεῖ
725 359 923 418 sextadecima
946 358 1086 434 quadrati

68 445 165 504 totins
193 447 248 522 by,
276 447 419 523 quoniam
447 448 484 507 be
512 450 557 506 θεῖ
583 447 727 507 medietas
755 449 802 522 ῖς.
850 446 998 531 Quoniam
1021 447 1085 522 ipsa

70 536 117 593 θεῖ
139 533 226 593 radix
248 535 356 595 radicis
381 538 454 612 256,
478 555 548 613 ergo
572 536 752 612 quadratum
775 537 852 594 linee
875 539 984 596 adest
1001 536 1085 595 radix

69 622 198 699 triginta
216 621 345 683 duorum
363 628 394 684 e't
412 626 442 700 4,
461 644 531 701 ergo
550 624 629 683 linea
648 627 692 684 cd
711 627 791 683 θεῖ4
810 629 840 684 et
857 625 942 683 radix
961 626 1086 702 triginta

68 711 199 770 duorum
225 716 349 789 accepta
375 713 438 772 eius
468 713 580 787 radice3
608 717 639 772 et
667 713 848 789 quadratum
875 714 951 771 linee
975 716 1016 772 cll>
1040 717 1085 773 est
1112 730 1124 770 s

68 799 156 858 radix
183 801 309 878 triginta
338 802 467 862 duorum
494 802 606 878 absque
635 806 668 878 4,
699 805 729 860 θῖ
755 801 835 860 linea
863 804 902 861 de
929 805 974 860 est
1000 803 1084 861 radix

67 888 197 966 triginta
225 889 350 949 duorum
377 891 490 966 absque
518 892 538 948 4
567 895 690 967 accepta
712 889 775 949 eius
797 890 905 949 radice.
951 890 1084 949 Minuam

70 996 143 1055 ergo
166 976 302 1037 additum
324 998 392 1038 cnm
409 979 564 1055 diminuto,
588 983 619 1038 θῖ
636 978 832 1038 remanebunt
849 973 952 1057 <duo>
969 979 1083 1038 radices

65 1065 196 1144 triginta
213 1066 349 1142 duorum,
366 1087 424 1144 que
443 1071 488 1126 θεῖ
506 1069 653 1144 quadrata
671 1070 728 1143 cd,
747 1069 789 1126 db
802 1063 1012 1145 (coniuncta),
1028 1068 1083 1127 hoc

67 1157 115 1212 θεῖ
143 1155 229 1213 radix
258 1158 334 1232 128,
361 1160 392 1216 θῖ
419 1160 465 1215 θεῖ
492 1158 597 1232 equale
625 1157 771 1233 quadrato
800 1158 849 1216 ab.
896 1155 955 1215 Sed
978 1159 1015 1214 be
1038 1160 1083 1216 θεῖ

64 1243 183 1318 equalis
206 1245 260 1318 ds,
284 1248 314 1303 θῖ
336 1245 506 1321 superficies
529 1248 570 1305 ab
594 1247 626 1304 in
648 1248 688 1307 da
711 1249 756 1305 θεῖ
778 1245 892 1322 equalis
916 1244 1082 1320 superficiei

64 1333 111 1392 ad
135 1331 168 1390 in
190 1333 246 1407 db,
269 1352 339 1410 ergo
362 1334 532 1409 superficies
555 1336 600 1394 ad
622 1335 654 1392 in
676 1336 718 1393 db
742 1337 787 1394 θεῖ
811 1334 981 1407 rationalis,
1008 1352 1081 1410 quo-

63 1420 151 1479 niam
173 1420 215 1479 ab
238 1421 269 1479 in
292 1423 330 1481 be
352 1425 398 1482 θεῖ
420 1423 536 1498 equalis
559 1424 601 1482 ab
620 1424 652 1481 in
670 1425 723 1498 dr,
742 1427 773 1482 et
791 1423 883 1482 etiam
901 1423 1081 1499 quadratum

64 1511 110 1568 ab
137 1513 182 1568 θεῖ
204 1509 340 1586 modiola,
363 1515 394 1569 et
415 1511 513 1587 ipsum
536 1514 581 1570 θεῖ
604 1512 709 1587 equale
732 1512 845 1571 duobus
865 1512 1018 1586 quadratis
1037 1514 1082 1571 ccl

62 1599 97 1656 et
121 1597 163 1656 db
187 1599 365 1658 coniunctis:
391 1618 461 1678 ergo
484 1600 542 1659 duo
566 1601 715 1676 quadrata
738 1602 782 1660 cd
805 1602 835 1659 θῖ
857 1602 899 1660 db
922 1601 1120 1659 coniunctam

60 1688 139 1745 sunt
164 1686 298 1746 mediale.
348 1689 428 1765 Ergo
457 1691 501 1748 cd
527 1692 558 1748 et
585 1690 627 1748 db
655 1691 725 1747 sunt
751 1689 783 1747 in
810 1689 945 1765 potentia
970 1689 1079 1748 incom-

60 1774 252 1835 munioantes
276 1780 307 1835 et
329 1777 513 1837 continentes
537 1777 721 1853 superficiem
743 1773 929 1851 rationalem,
953 1792 1080 1853 quarum

60 1863 215 1939 quadrata
242 1866 400 1924 coniuncta
428 1869 497 1925 sunt
523 1867 663 1940 medialc3
692 1869 722 1924 et
744 1866 821 1924 illud
844 1871 901 1942 est,
928 1867 1007 1942 quod
1030 1867 1079 1926 de·

59 1955 231 2011 monstrare
254 1955 408 2013 voluimus.
792 1955 794 1958 ⁴

155 2041 196 2098 In
227 2042 397 2102 vicesimo
430 2044 583 2118 septimo
618 2044 694 2101 nihil
725 2046 873 2118 mutatur,
905 2044 963 2103 nisi
998 2045 1118 2120 quodso

58 2129 161 2207 figura
184 2131 315 2190 numeris
337 2132 393 2190 hoc
415 2131 502 2190 modo
525 2132 705 2192 inscribitur.

586 2290 608 2335 (t

225 2708 251 2757 5¹
465 2739 474 2765 t
591 2730 606 2765 z
854 2704 903 2768 ια’

517 2795 730 2849 ναᾰιέυαᾱιὶώικ

152 2943 261 3001 Postea
287 2960 357 3000 vero
386 2961 421 3000 ex
448 2941 547 3017 lineis,
574 2963 609 3000 ex
637 2943 743 3018 quibus
772 2944 944 3019 compositio
972 2950 1003 3005 et
1025 2947 1073 3005 de·

62 3032 193 3109 signatio
217 3033 286 3089 sunt
307 3030 463 3090 rationalis
487 3032 655 3090 coniunctio
679 3035 709 3090 et
729 3033 887 3109 separatio,
910 3036 1073 3110 ostendam,

62 3119 192 3195 qualiter
215 3118 269 3177 fiat
291 3120 459 3178 coniunctio
483 3122 513 3178 et
535 3121 692 3196 separatio.
734 3121 845 3180 Earum
864 3121 984 3198 quidem
1002 3127 1073 3183 sunt

62 3208 120 3266 due
143 3208 221 3266 linea
243 3211 363 3266 tantum
385 3207 417 3266 in
439 3209 575 3283 potentia
591 3210 752 3269 rationales
772 3213 801 3293 ct
820 3212 1071 3272 communicantes
1085 3225 1111 3267 25

132 3416 229 3465 3-10.
254 3412 355 3467 Verba:
373 3427 439 3481 ergo
519 3412 658 3480 quadrato
677 3415 716 3468 ab
735 3415 767 3469 ic
780 3416 894 3484 Mscpto.
907 3423 971 3484 post
994 3432 1070 3485 „me-

59 3482 154 3537 ciale*
175 3483 248 3537 lima
267 3487 304 3537 16
322 3484 455 3553 equora.
476 3515 510 3524 —
529 3491 553 3539 8.
572 3483 731 3540 remanebit
747 3484 840 3541 radix.
857 3518 892 3527 —
909 3492 958 3540 tt.
971 3485 1009 3538 in
1020 3503 1073 3553 po-

59 3553 149 3606 tentia
161 3552 330 3626 rationales]
343 3557 479 3624 potentes
498 3555 670 3616 rationales.
878 3571 880 3575 ’
935 3593 937 3597 -
