2340 3834
103 207 167 272 238
389 207 555 261 ANARITII
573 205 829 262 COMMENTARII

102 377 180 436 siout
206 375 359 452 proportio
388 375 529 452 quadrati
553 377 627 435 faeti
650 396 685 435 ex
706 378 744 434 bt
767 376 804 434 ad
828 375 1009 451 quadratum
1030 376 1052 450 l,
1118 387 1142 441 et

101 469 137 523 ut
159 465 311 541 proportio
334 464 451 523 numeri
472 466 491 522 le
513 465 552 523 ad
570 485 726 525 numerum
744 483 787 538 aq
805 465 845 524 sit
863 465 940 523 sieut
958 467 1133 540 proportio

102 554 242 629 quadrati
261 556 271 612 l
288 554 327 612 ad
345 553 527 630 quadratum
545 558 601 612 tm:
621 573 691 632 ergo
710 553 873 613 seeundum
888 553 1126 629 proportionem

102 642 273 718 equalitatis
302 643 358 701 erit
385 643 538 719 proportio
566 644 607 702 ab
631 643 670 701 ad
692 661 734 716 op
759 643 836 701 sieut
858 641 1014 718 proportio
1037 661 1123 717 qua·

74 731 179 790 bdrati
210 734 245 790 bt
271 732 310 790 ad
337 731 517 807 quadratum
544 736 601 806 tm,
630 750 700 809 ergo
726 733 762 790 bt
788 734 819 790 et
845 735 890 790 tm
916 731 949 788 in
975 729 1122 806 potentia

100 823 218 879 tantum
241 824 311 879 sunt
333 821 590 879 communicantes
635 821 676 879 Et
698 822 820 896 propter
842 820 910 895 hoe,
939 819 1020 895 quod
1041 835 1120 894 pro

100 909 198 985 portio
223 910 362 985 quadrati
381 911 418 968 bt
434 910 473 967 ad
492 909 671 985 quadratum
689 911 699 967 l
716 908 872 968 rationalis
890 927 951 968 non
970 911 1015 967 est
1032 906 1125 966 sieut

99 999 253 1074 proportio
280 999 395 1058 numeri
423 998 562 1074 quadrati
591 997 629 1055 ad
656 1017 811 1055 numerum
833 996 1028 1073 quadratum,
1050 993 1131 1054 eri'tr

98 1088 134 1144 bt
158 1086 408 1146 ineommunieans
432 1089 442 1145 l
468 1087 500 1144 in
522 1080 708 1162 longitudine
732 1089 762 1145 et
784 1085 1004 1144 communicans
1027 1085 1055 1143 oi
1082 1081 1129 1137 in

60 1186 86 1226 10
99 1177 248 1251 potentia:
270 1195 341 1253 ergo
363 1178 398 1234 bt
420 1179 466 1234 est
487 1175 642 1233 rationalis
660 1175 692 1233 in
709 1176 845 1250 potentia
864 1177 895 1234 et
912 1167 1132 1233 incommuni-

100 1283 168 1324 eans
191 1265 333 1325 rationali
354 1260 407 1341 <l>
428 1264 461 1321 in
482 1264 677 1341 longitudine.
715 1265 756 1322 Et
778 1263 916 1323 similiter
934 1262 1135 1324 ostendum

98 1355 179 1430 quod
202 1359 245 1413 tm
268 1357 313 1412 est
336 1353 470 1411 seiuncta
492 1355 503 1411 t
524 1353 667 1411 rationali
688 1353 719 1411 in
742 1352 943 1429 longitudine,
971 1354 1001 1411 et
1028 1339 1135 1427 quod

98 1443 164 1519 ipsa
187 1446 232 1501 est
254 1441 409 1500 rationalis
433 1442 464 1499 in
487 1442 629 1517 potentia.
665 1441 731 1499 Due
754 1460 825 1518 ergo
847 1441 925 1499 linea
948 1442 991 1515 bt,
1013 1445 1060 1498 tm
1081 1433 1136 1490 in

97 1531 233 1607 potentia
260 1532 379 1589 tantum
401 1533 470 1588 sunt
492 1531 652 1589 rationales
676 1533 706 1588 et
728 1530 988 1590 communicantes.
1033 1517 1136 1587 post

58 1631 82 1670 1⁵
98 1620 153 1678 hoo
175 1638 284 1696 ponam
306 1621 346 1677 de
369 1620 504 1695 equalem
526 1621 572 1694 bt,
596 1636 686 1694 supra
709 1637 800 1694 quam
822 1619 1002 1678 constituam
1021 1606 1134 1676 serni·

98 1709 239 1766 circulum
262 1708 336 1780 dae,
359 1710 389 1765 et
411 1707 573 1782 producam
591 1709 632 1767 da
644 1709 787 1783 ¹equalem
808 1712 864 1783 tm,
884 1710 914 1766 et
932 1707 1132 1783 protraham

95 1815 144 1857 te:
168 1814 236 1872 ergo
259 1797 411 1871 proportio
435 1796 575 1871 quadrati
594 1796 690 1855 dead
710 1796 888 1871 quadratum
906 1797 947 1856 da
965 1800 1011 1855 est
1029 1782 1129 1854 sicut

96 1885 249 1961 proportio
274 1887 314 1943 ab
338 1884 376 1943 ad
399 1903 447 1958 ap.
495 1884 552 1942 Sed
575 1884 754 1959 quadratum
777 1887 816 1944 de
839 1889 884 1944 est
907 1885 1013 1960 equale
1034 1883 1126 1940 duo·

96 1973 151 2032 bus
180 1973 332 2049 quadratis
360 1975 400 2033 dr
427 1976 457 2031 et
483 1991 531 2032 ae:
559 1993 629 2050 ergo
657 1992 724 2031 eum
751 1973 937 2032 diviserimus
958 1967 962 2055 l
983 1977 1014 2032 et
1037 1961 1147 2031 οοῐν4

56 2063 269 2122 averterimus
289 2065 319 2121 et
337 2062 597 2138 composuerimuS,
618 2062 675 2120 erit
692 2063 844 2137 proportio
863 2057 1047 2140 <quadrati>
1071 2051 1120 2112 de

96 2152 134 2209 ad
157 2150 338 2227 quadratum
361 2169 395 2211 ea
417 2151 494 2209 sieut
516 2151 668 2226 proportio
691 2151 808 2209 numeri
829 2153 870 2210 ab
889 2151 1116 2209 adnumerum

96 2242 143 2315 by.
182 2240 240 2299 Sed
254 2241 379 2317 quisque
394 2259 496 2298 eorum
511 2243 555 2298 est
569 2239 743 2314 quadratus,
761 2259 831 2316 ergo
847 2241 887 2299 de
905 2224 1116 2299 communicat

97 2348 131 2390 er
152 2330 185 2387 in
207 2329 403 2406 longitudine,
427 2347 497 2405 ergo
516 2330 556 2387 de
573 2331 673 2403 potest
691 2346 781 2403 supra
798 2330 840 2388 ad
858 2348 924 2386 eum
944 2319 1113 2406 arrgment⁰

96 2419 236 2494 quadrati
258 2418 335 2476 lineo
359 2417 601 2476 communicantis
624 2417 681 2475 sibi
703 2413 756 2493 <in
781 2415 1000 2494 longitudine).
1046 2397 1112 2473 Sed

56 2517 81 2558 25
96 2509 135 2566 de
163 2511 208 2565 est
235 2507 349 2582 equalis
371 2508 418 2578 bt,
447 2509 477 2564 et
499 2506 540 2565 da
563 2508 608 2563 est
630 2505 744 2580 equalis
767 2510 823 2564 tm:
851 2525 921 2582 ergo
946 2507 1003 2564 due
1026 2505 1112 2590 line?

94 2597 129 2652 bt
151 2598 181 2653 et
204 2599 248 2652 tm
269 2596 301 2652 in
324 2593 458 2669 potentia
480 2596 598 2653 tantum
621 2597 690 2652 sunt
712 2594 874 2654 rationales
893 2598 924 2653 et
943 2599 1112 2654 eommunl'

96 2687 209 2757 cantes,
237 2687 267 2740 et
295 2701 409 2758 queque
436 2682 558 2740 illarum
585 2686 630 2741 est
652 2682 784 2741 seiuncta
807 2683 885 2742 linee
907 2684 1047 2744 rationali
1077 2669 1112 2728 11¹

94 2770 292 2848 longitudine,
335 2773 365 2828 et
406 2771 523 2847 longior
567 2774 666 2847 potest
706 2790 796 2847 supra
833 2771 998 2831 breviorem
1034 2771 1112 2830 0111ss

95 2863 253 2937 augmento
286 2859 425 2934 quadrati
454 2859 530 2916 linee
568 2860 810 2919 communicantis
842 2860 911 2919 sibi:
949 2880 1018 2939 ergo
1048 2857 1111 2918 W

54 2962 81 3002 ao
94 2951 140 3008 est
170 2948 334 3007 binomium
360 2947 498 3020 tereium3
532 2951 561 3006 et
592 2947 669 3006 illud
701 2952 757 3024 est,
790 2950 870 3025 quod
900 2947 1111 3009 demonstratur

93 3037 248 3097 voluimus

181 3126 316 3202 Figura
340 3124 382 3183 ad
404 3125 658 3184 inveniendum
680 3126 874 3186 binomium
894 3100 1110 3202 quartum-¹)

95 3213 300 3289 Ostendam,
319 3214 478 3291 qualiter
491 3214 686 3273 binomium
701 3218 868 3290 quartum
882 3214 1108 3276 inveniatur·

93 3318 304 3326 ...ρῳ-*ὴ

165 3373 206 3422 17.
226 3367 269 3422 ak.
291 3398 324 3406 —
345 3372 385 3419 29.
407 3365 473 3438 sibi]
492 3365 615 3420 secundi.

92 3461 304 3470 ψ...-

157 3512 187 3582 1)
213 3509 353 3565 Eucnrnns
378 3507 416 3578 X,
435 3513 470 3564 48
498 3508 650 3580 (dminus
666 3507 708 3576 i,
724 3512 773 3573 ὥς
798 3507 965 3564 Hnnsamm
983 3508 1021 3577 X,
1039 3497 1105 3566 ⁶1>²

71 3581 244 3640 Brbomr'um
265 3590 400 3657 quartum
419 3584 551 3638 serumst.

1149 1959 1160 2006 l
