2340 3834
387 108 437 164 AD
454 107 641 164 EUOLIDEM
659 107 726 164 LIB.
741 108 774 162 Π.
1016 108 1079 173 109

23 277 153 353 Inquit
182 278 324 338 Ynnms:
356 278 418 338 Nos
446 297 517 338 vero
543 277 576 334 in
602 277 659 335 hac
686 277 784 355 figura
810 278 968 352 faciamus,
1001 277 1077 352 quod

23 367 223 426 liucamns
252 367 284 425 in
311 367 408 444 prima
434 371 521 444 parte
549 366 633 441 fecit,
666 370 696 424 et
723 366 911 425 ostendemus
939 367 1021 425 istud
1049 367 1080 424 in

23 456 94 515 hac
119 455 240 534 figura
268 460 298 515 et
324 456 356 514 in
382 455 493 534 figura,
522 475 580 530 que
608 455 746 530 sequitur
773 475 847 514 eam.
896 457 981 514 Dixit
1009 475 1079 534 ergo

25 547 239 620 Eucnmns,
276 546 357 620 quod
388 546 483 605 omnis
515 544 660 622 trianguli
692 544 866 621 ambligonii
899 545 1080 621 quadratum

25 637 172 694 factum
209 651 248 692 ex
274 634 380 711 latere,
414 635 466 710 qui
499 633 689 693 subtenditur
716 634 826 711 angulo
860 654 1001 710 expanso,
1035 639 1080 693 ost
1107 645 1120 685 5

28 723 150 783 maius
181 722 393 782 coniunctione
412 724 540 782 duorum
559 722 782 798 quadratorum,
806 742 864 798 que
882 723 960 782 fiunt
978 744 1013 782 ex
1036 744 1080 782 re·

29 813 145 890 liquis
177 811 295 871 duobus
318 811 464 872 lateribus
487 810 707 872 continentibus
738 812 882 888 angulum
906 832 1079 888 expansum:

31 921 98 963 nos
127 901 248 976 itaque
276 902 477 979 ostendemuS,
505 900 585 977 quod
612 900 725 958 omnis
752 900 950 977 trianguli,
978 903 1080 960 cuius

30 991 169 1051 unius
194 990 351 1049 laterum
374 991 589 1066 quadratum
612 991 666 1046 est
688 989 802 1048 maius
826 990 1080 1049 coniunctione

33 1079 336 1158 quadratorum,
360 1099 427 1155 que
446 1080 543 1138 fiunt
562 1099 601 1136 ex
619 1077 774 1153 reliquis
793 1078 974 1138 lateribus
994 1081 1122 1140 duo-10

32 1171 134 1244 bus,
165 1169 323 1244 angulus
347 1168 389 1226 ab
411 1169 491 1226 illis
519 1165 657 1226 duobus
684 1167 865 1225 lateribus
890 1171 1081 1227 contentus

35 1262 105 1319 est
134 1275 332 1332 expansus.
370 1257 416 1317 Sit
435 1276 505 1335 ergo
524 1256 694 1332 triangulus
713 1257 800 1314 datus
818 1256 989 1334 triangulus
1009 1259 1081 1331 uby,

37 1351 77 1408 et
103 1347 157 1406 sit
181 1346 364 1420 quadratum
388 1349 428 1420 by
449 1346 548 1404 maius
571 1344 777 1404 coniunctione
801 1345 929 1404 duorum
953 1347 1003 1421 ba,
1026 1364 1081 1419 cp:

38 1437 121 1496 dico
151 1434 260 1510 igitur,
283 1436 364 1511 quod
386 1436 516 1512 angulus
539 1437 604 1507 bap
626 1436 672 1491 est
695 1452 850 1509 expansus.

149 1521 298 1583 Probatio
312 1523 385 1599 eius,
404 1525 547 1600 quoniam
565 1523 739 1599 protraham
757 1541 775 1580 a
788 1526 900 1598 puncto
915 1543 934 1582 c
947 1524 1025 1582 linae
1040 1541 1082 1597 up
1096 1536 1122 1576 15

40 1611 343 1692 perpendicularem
366 1615 411 1673 cd
434 1613 571 1689 equalem
589 1611 678 1669 lateri
697 1613 747 1686 ab,
770 1612 847 1670 siout
866 1618 1017 1672 ostensum
1037 1615 1082 1671 est

42 1723 86 1763 ex
118 1701 306 1778 probatione
332 1700 428 1780 figure
456 1702 595 1761 adiuncta
622 1700 718 1776 figure
739 1703 793 1758 11Θ
821 1695 934 1776 <prime
957 1696 1081 1779 partis),

622 1792 653 1846 et
684 1789 848 1864 producam
884 1791 996 1849 lineam
1029 1793 1080 1865 qd.

621 1877 662 1935 Et
681 1878 751 1952 quia
770 1879 953 1953 quadratum
972 1882 1014 1939 cb
1037 1884 1081 1939 est

622 1968 728 2041 equale
753 1967 899 2042 quadrato
924 1970 980 2042 od,
1013 1989 1081 2027 cum
1096 1982 1121 2021 20

622 2074 692 2132 ergo
726 2074 866 2131 accepero
899 2057 1082 2133 quadratum

623 2163 665 2218 ay
677 2163 841 2218 commune,
856 2165 926 2222 ergo
942 2146 999 2204 erit
1014 2164 1081 2204 con-

622 2233 737 2291 iunctio
763 2234 891 2291 duorum
919 2234 1081 2308 quadrato·

622 2341 703 2396 rum,
728 2341 786 2397 que
809 2322 886 2380 fiunt
910 2342 944 2381 ex
966 2323 1082 2381 duabus

621 2410 708 2468 lineis
732 2412 783 2486 ab,
806 2430 856 2487 cy,
880 2412 995 2487 equalis
1015 2431 1082 2470 con·
1098 2424 1123 2464 25

621 2498 768 2558 iunctioni
797 2500 924 2559 duorum
955 2501 1082 2577 quadra-

60 2588 169 2644 torum
190 2585 243 2660 da,
267 2602 316 2658 cp.
363 2583 421 2643 Sed
443 2604 496 2645 nos
519 2587 675 2661 posuimus
698 2589 879 2664 quadratum
906 2591 1020 2649 factum
1048 2611 1083 2649 ex

62 2674 163 2732 latere
187 2674 227 2747 by
253 2673 350 2732 maius
378 2673 586 2733 coniunctione
614 2676 743 2735 duorum
772 2680 1000 2754 quadratorum,
1025 2701 1082 2755 que

62 2761 144 2820 fiunt
163 2781 199 2819 ex
218 2761 330 2820 duobus
349 2763 492 2822 lateribus
512 2765 562 2838 ab,
586 2783 635 2840 ap,
659 2760 750 2843 <ergo
771 2768 952 2840 quadratum
969 2770 1083 2828 factum

548 1936 567 1987 b

449 2403 476 2438 ae

65 2851 216 2908 exlatere
236 2852 278 2924 by
296 2850 353 2909 crit
370 2851 467 2910 maius
487 2853 694 2912 coniunctione
714 2855 840 2913 duorum
859 2858 1082 2932 quadratorum,
1097 2871 1123 2909 30

65 2958 125 3014 que
138 2938 217 2997 fiunt
236 2958 271 2997 ex
290 2939 404 2999 duobus
422 2941 567 2999 latoribus
582 2943 634 3018 dc,
654 2939 724 3022 cy).
757 2942 927 3003 Secundum
941 2942 1083 3024 <autem>

65 3026 277 3103 probationem
298 3028 393 3106 figure
418 3031 473 3088 46θ
495 3030 591 3105 prime
614 3032 709 3108 partis
733 3033 790 3090 erit
820 3034 988 3093 coniunctio
1012 3035 1082 3094 duo·

65 3135 133 3174 rum
157 3116 372 3192 quadratorum
395 3119 453 3194 da,
480 3138 522 3193 ay
550 3122 664 3196 equalis
693 3122 840 3196 quadrato
867 3125 949 3181 facto
977 3145 1013 3182 ex
1039 3125 1082 3182 la-

65 3207 130 3264 tere
143 3206 201 3279 qd:
225 3224 295 3282 ergo
309 3206 388 3265 latus
407 3201 469 3285 <tp
487 3210 544 3267 erit
557 3211 654 3269 maius
669 3211 763 3269 latere
776 3212 827 3284 qd.
852 3211 910 3270 Sed
923 3207 1025 3290 latus>
1038 3214 1084 3271 da

65 3294 175 3370 equale
189 3294 280 3352 lateri
293 3297 344 3371 ab,
365 3315 435 3373 ergo
455 3316 523 3355 curn
542 3300 742 3375 acceperimus
761 3300 840 3359 latus
860 3320 901 3375 cp
920 3319 1083 3375 commune,
1097 3309 1123 3351 85

139 3487 179 3534 17.
200 3487 254 3534 12⁰,
