2340 3834
371 187 421 240 AD
439 187 624 243 EUOLIDEM
642 187 709 243 LlB.
725 187 770 240 IX.
1011 187 1077 250 203

50 344 85 421 ἶ),
131 358 161 413 et
191 356 270 432 quod
301 374 441 414 numerus
467 357 486 413 b
518 355 607 413 etiarn
635 348 736 432 (non)
769 359 813 415 est
844 356 958 431 equalis
986 356 1076 413 alieni

52 450 254 503 numerorum
269 463 297 519 a,
312 446 337 504 b.
374 444 415 502 Et
433 444 505 520 quia
518 446 546 518 b,
564 444 642 502 sient
659 444 850 503 manifestum
869 447 921 519 est,
939 447 1076 502 numerat

53 521 83 597 b,
113 549 186 610 ergo
209 533 249 591 sit
270 533 303 590 in
326 536 338 590 t
359 553 395 591 ex
416 532 584 591 unitatibus
608 533 769 591 seeundum
791 534 985 609 equalitatem
1003 534 1076 608 eiua,

55 629 126 686 quo
158 640 299 680 numerus
330 623 349 680 b
382 624 520 679 numerat
551 623 576 680 b.
632 620 690 680 Sed
722 641 863 680 numerus
893 622 912 679 b
945 624 998 679 aut
1031 625 1076 680 est

54 705 181 772 rrimus
203 712 258 768 aut
280 710 470 786 compositus.
511 709 597 779 Quod
620 711 646 768 si
668 712 687 769 b
709 711 801 768 suerit
819 705 983 789 (primns),
1008 729 1075 769 eum
1103 722 1116 762 ⁵

55 785 131 862 ipse
157 802 295 857 numerat
323 800 354 874 b,
381 797 550 856 numerabit
578 800 668 856 etiam
695 818 851 856 nnmerum
874 818 906 872 a,
934 799 1076 875 quoniam

54 873 131 950 ipse
166 887 301 963 sequitur
337 907 438 945 unum.
494 886 552 945 Sed
583 906 724 946 numerus
756 907 775 945 a
808 890 852 945 est
882 888 1009 963 primus,
1046 892 1076 945 et

53 979 204 1034 n11111erus
226 978 245 1034 b
267 979 406 1034 numerat
427 976 536 1051 ipsum,
559 976 640 1052 quod
659 976 776 1035 omnino
796 978 841 1033 est
857 976 1075 1047 inconveniens.

52 1047 214 1146 Numerus
231 1064 327 1142 igitur
343 1067 362 1123 b
379 1083 439 1123 non
458 1067 503 1123 est
516 1065 638 1140 primuS,
658 1083 727 1142 ergo
744 1065 807 1139 ipse
822 1067 866 1122 est
880 1065 1074 1140 compositus3

51 1154 164 1234 {psum
194 1153 297 1229 itaque
329 1153 499 1212 numerabit
530 1172 672 1211 numerus
699 1154 821 1229 primus.
871 1153 945 1211 Dico
974 1156 1075 1211 autem
1090 1167 1115 1205 ιο

51 1241 247 1315 111lpossibile
280 1261 355 1316 esse,
388 1242 468 1318 quod
499 1244 634 1300 numeret
665 1243 765 1317 ipsum
792 1260 933 1299 numerus
960 1242 1074 1316 primus

50 1329 162 1388 preter
179 1350 337 1389 numerum
354 1350 381 1407 a,
400 1331 551 1407 quoniam,
570 1349 637 1388 eum
656 1330 782 1406 quilibet
800 1348 940 1388 numerus
960 1331 1074 1405 primus

52 1417 203 1497 {lumerat
221 1439 379 1478 numerum
395 1420 423 1494 b,
447 1422 476 1477 et
494 1437 634 1477 numerus
652 1420 671 1476 b
690 1418 781 1477 etiam
799 1421 937 1476 numerat
956 1420 981 1491 b,
1004 1436 1073 1494 ergo

52 1490 118 1562 llle
152 1527 293 1566 numerus
329 1508 442 1583 primus
478 1511 615 1566 numerat
651 1527 808 1566 numerum
840 1510 869 1581 b,
907 1526 975 1584 ergo
1010 1506 1073 1581 ipse

54 1595 202 1655 11umerat
229 1617 385 1655 numerum
408 1616 441 1672 a,
469 1598 521 1672 qui
544 1596 680 1672 sequitur
702 1616 804 1654 unum.
852 1595 909 1654 Sed
932 1606 1116 1653 numerus1⁵

57 1686 81 1728 (ῑ
112 1689 155 1743 est
181 1685 295 1760 primns
324 1688 353 1743 et
380 1704 521 1743 numerus
548 1687 687 1742 numerat
713 1685 825 1761 ipsum,
854 1685 934 1761 quod
962 1687 1006 1742 est
1030 1683 1074 1741 in-

59 1773 247 1832 conveniens.
284 1774 477 1848 Relinquitur
492 1773 594 1850 igitur,
612 1776 648 1831 ut
661 1793 819 1831 numerum
832 1775 851 1831 b
864 1793 924 1832 non
937 1775 1075 1830 numerat

66 1854 173 1939 aliquis
202 1883 238 1921 ex
264 1861 394 1920 numeris
419 1862 523 1937 primis
546 1862 604 1920 nisi
626 1881 765 1921 numerus
789 1862 904 1938 primus
927 1881 955 1919 a.
1000 1861 1075 1918 Dieo

67 1939 169 2025 igitur,
198 1951 279 2026 quod
305 1969 446 2009 numerus
470 1955 481 2008 t
506 1970 565 2010 non
595 1954 640 2009 est
664 1951 780 2026 equalis
803 1970 836 2025 a,
864 1951 917 2026 qui
940 1950 1076 2025 sequitur

69 2049 164 2098 unum.
211 2039 297 2108 Quod
319 2039 385 2098 ideo
409 2042 467 2114 est,
490 2038 632 2115 quoniam
653 2057 795 2096 numerus
819 2043 830 2096 t
851 2059 910 2098 non
934 2040 1073 2096 numerat
1086 2052 1114 2090 2⁰

71 2123 84 2183 b
102 2128 161 2187 nisi
184 2127 347 2186 seeundum
370 2127 571 2203 quantitatem
594 2127 667 2201 eius,
691 2127 771 2202 qnod
794 2128 892 2185 estin
913 2146 1037 2185 numero
1055 2128 1074 2184 b

69 2232 98 2274 er
120 2216 298 2275 unitatibus.
341 2215 398 2274 Sed
420 2217 599 2274 numerusb
621 2235 680 2274 non
704 2219 748 2273 est
770 2215 885 2290 equalis
904 2234 1027 2273 numero
1046 2232 1074 2288 a,

66 2322 132 2383 ergo
160 2323 301 2363 numerus
325 2309 336 2362 t
361 2325 421 2364 non
449 2308 494 2363 est
519 2303 634 2379 equalis
656 2322 780 2362 numero
804 2322 835 2377 a,
864 2303 1018 2378 quoniam,
1049 2302 1075 2360 si

64 2393 139 2454 foret
163 2393 278 2469 equalis
302 2393 338 2468 ei,
364 2396 441 2452 esset
463 2411 603 2451 numerus
621 2393 640 2450 b
663 2410 821 2449 numerans
844 2409 983 2450 numeros
1003 2393 1028 2464 b,
1044 2409 1073 2465 q,

63 2483 88 2541 d.
136 2481 195 2539 Sed
217 2481 281 2558 ipse
304 2501 364 2541 non
388 2485 432 2540 est
454 2500 533 2539 unus
555 2500 746 2539 numerorum
769 2482 798 2553 b,
819 2499 852 2554 9,
875 2481 908 2554 d,
931 2479 1074 2556 quoniam
1087 2491 1115 2532 aa

61 2571 122 2646 ipse
147 2573 286 2628 numerat
308 2589 465 2628 numerum
484 2572 508 2645 b,
532 2590 601 2646 ergo
625 2587 766 2627 numerus
785 2573 795 2626 t
815 2589 875 2628 non
894 2572 939 2626 est
957 2567 1073 2643 equalis

60 2679 186 2719 numero
210 2679 236 2718 a.
283 2658 341 2717 Sed
368 2677 510 2716 numerus
531 2659 550 2716 b
572 2660 711 2715 numerat
733 2660 750 2715 b
773 2657 937 2716 seeundum
959 2657 1072 2731 equali-

59 2752 156 2808 tatem
180 2748 253 2824 eius,
276 2748 356 2824 quod
380 2750 424 2805 est
446 2747 478 2804 in
501 2751 512 2804 t
534 2766 569 2804 ex
591 2745 766 2820 unitatibus
791 2765 861 2822 ergo
884 2748 903 2804 b
926 2745 1073 2820 multipli-

60 2841 146 2896 cetur
177 2837 209 2894 in
240 2856 397 2895 numerum
429 2840 451 2909 t,
488 2838 517 2893 et
549 2837 729 2912 aggregetur
760 2854 901 2892 numerus
934 2835 958 2892 b.
1015 2832 1072 2890 Sed

59 2944 205 2985 numerus
228 2944 247 2983 a
269 2924 487 2999 multiplicetur
508 2924 540 2981 in
563 2943 607 2999 se,
630 2926 660 2981 et
683 2927 863 3000 aggregetur
886 2940 1027 2980 numerus
1047 2923 1072 2995 b,
1086 2935 1114 2974 aa

60 3034 131 3092 ergo
161 3013 326 3090 quadratus
349 3031 368 3070 a
392 3016 436 3070 est
459 3011 574 3088 equalis
598 3011 790 3087 superficiali,
818 3011 871 3087 qui
893 3010 928 3069 fit
951 3030 986 3068 ex
1009 3015 1020 3068 t
1041 3010 1074 3067 in

58 3105 91 3162 b:
116 3122 187 3180 ergo
211 3101 363 3177 proportio
383 3120 402 3158 a
425 3100 463 3158 ad
480 3102 499 3158 b
522 3103 567 3159 est
590 3101 667 3158 sieut
684 3100 837 3175 proportio
857 3103 868 3156 t
885 3099 923 3157 ad
942 3118 969 3173 a,
993 3099 1074 3174 quod

59 3193 128 3252 ideo
153 3193 207 3264 est,
230 3189 372 3265 quoniam
391 3207 541 3247 assumam
559 3189 634 3247 duos
651 3207 790 3248 numeros
810 3188 931 3264 equales
950 3206 1073 3245 numero

58 3300 92 3353 a;
121 3298 193 3357 ergo
220 3296 362 3336 numerus
389 3296 408 3336 a
436 3277 550 3353 primus
577 3277 797 3352 multiplicatur
819 3277 852 3335 in
873 3295 1031 3334 numerum
1054 3295 1073 3333 a

58 3371 215 3446 quartum,
238 3370 268 3425 et
286 3366 328 3441 fit,
347 3366 427 3442 quod
445 3365 591 3441 provenit,
610 3365 716 3440 equale
735 3365 771 3440 ei,
790 3365 870 3441 quud
890 3367 1074 3442 aggregatur
1086 3375 1115 3415 35

129 3562 171 3608 11,
193 3555 273 3606 esset,
