2316 3840
286 180 337 235 AD
355 180 541 236 EUOLIDEM
558 180 625 236 ΗΒ.
640 180 661 237 Ι.
935 180 978 245 59

73 349 150 423 adq
186 347 283 408 maior
313 349 414 410 existit
446 349 555 427 angulo
584 351 661 428 bad,
699 348 750 425 qui
787 351 832 408 est
864 348 979 425 equalis

44 458 66 497 o
108 438 189 511 qod.
247 438 441 498 Manifestum
477 441 522 497 est
556 437 651 514 igitur
685 457 740 513 per
773 437 980 514 probationem

41 557 44 580 ι
74 525 196 584 decime
219 529 335 603 ootave,
363 527 444 603 quod
471 526 600 604 angulus
621 526 768 604 trianguli
790 528 858 601 adq
883 527 980 585 maior

41 620 53 675 t
82 615 202 692 angulo
218 617 295 689 qod.
337 615 506 676 Secundum
524 615 730 691 probationem
747 610 861 694 (ergo)
883 616 978 693 figure

42 726 66 763 ‚e
107 723 187 762 none
218 704 299 764 latus
326 723 369 780 oy
396 709 441 764 est
467 705 587 782 longius
613 704 707 763 latere
735 706 789 778 ὤας
822 708 852 763 et
875 723 977 763 seeun-
1006 717 1018 755 ⁵

61 791 300 852 similitudinem
335 793 425 853 huius
461 793 645 869 probationis
681 793 861 868 ostenditur,
899 793 979 868 quod

51 884 104 943 ab
130 884 178 940 est
200 881 297 942 maius
319 883 413 942 latere
432 883 487 941 bd:
510 901 581 960 ergo
600 881 768 941 coniunctio
787 882 918 941 laterum
936 883 977 941 ab

42 992 75 1048 tq
109 973 158 1029 est
185 970 280 1030 maior
306 971 400 1030 latere
426 973 477 1047 b93
505 975 536 1030 et
563 971 639 1028 illud
667 973 725 1046 est,
753 971 832 1046 quod
860 971 977 1029 demon·

42 1087 46 1118 ι
75 1059 245 1119 voluimus.

42 1148 138 1208 Alia
162 1147 285 1224 figura
307 1147 474 1207 vicesimo
498 1147 624 1206 addita
646 1141 905 1229 theorematiff)
991 1162 1016 1199 1⁰

42 1239 98 1296 Sit
126 1235 224 1313 igitur
254 1235 423 1314 triangulus
451 1238 528 1311 obp,
561 1240 592 1296 et
619 1235 659 1295 sit
684 1238 766 1295 latus
794 1238 834 1310 by
860 1235 978 1312 longius

42 1329 106 1386 bus
141 1324 245 1400 ipsius.
300 1325 411 1385 Seoabo
444 1345 514 1403 ergo
544 1344 579 1384 ex
611 1327 704 1384 latere
737 1327 790 1400 by,
828 1324 908 1400 quod
939 1324 979 1382 sit

42 1438 59 1474 e
89 1415 146 1482 ab,
172 1413 272 1490 sitque
296 1415 346 1483 bd,
369 1414 448 1473 sieut
469 1414 663 1474 manifestum
686 1417 731 1473 est
749 1412 979 1490 exprobatione

542 1502 636 1581 figure
659 1502 763 1578 tercie,
787 1499 840 1579 <et
861 1503 978 1579 protra-

542 1592 612 1649 ham
630 1587 833 1670 lineamque).
870 1591 1018 1650 Sabou-16

544 1679 614 1737 dum
659 1699 729 1756 ergo
772 1680 979 1756 probationem

542 1769 638 1846 figure
653 1769 756 1843 quinte
766 1770 896 1847 angulus
911 1770 978 1828 bad

544 1861 590 1916 est
613 1859 720 1933 equale
744 1859 819 1919 bda.
857 1858 915 1917 Sed
934 1876 977 1916 se-

544 1946 672 2005 eundum
706 1946 912 2021 probationem
944 1947 978 2004 fi-

481 2085 500 2138 r
722 2034 834 2184 ts?
849 2036 978 2201 its
992 2047 1018 2086 ²⁰

784 2145 797 2182 1
886 2145 907 2182 n

542 2214 618 2286 day,
643 2215 674 2271 et
692 2200 978 2289 similiterangulus

43 2307 98 2364 est
117 2299 218 2359 maior
236 2300 346 2377 angulo
365 2301 444 2359 dab:
467 2318 537 2377 ergo
561 2301 620 2359 duo
640 2300 752 2378 anguli,
776 2301 829 2376 qui
851 2303 922 2359 sunt
940 2300 977 2358 ab

43 2413 88 2453 ue
114 2390 206 2466 parte
228 2388 305 2447 lines
328 2390 386 2455 ad,
409 2407 478 2447 oum
504 2389 738 2467 coniungimur,
767 2392 855 2448 emnt
882 2389 977 2448 maius

44 2504 66 2543 0
87 2481 160 2551 buy
172 2479 246 2537 toto.
266 2476 324 2535 Sed
338 2476 464 2554 angulus
479 2479 545 2537 bad
559 2474 696 2555 <equalis
707 2480 753 2537 est
762 2478 872 2556 angulo
882 2474 977 2556 add),
993 2489 1018 2528 2⁵

44 2589 107 2630 am
140 2565 222 2624 linea
251 2568 292 2626 ab
325 2569 370 2625 est
401 2565 514 2641 equalis
546 2567 624 2626 linee
656 2568 710 2637 bd,
743 2569 876 2626 remanet
908 2586 977 2644 ergo

44 2678 88 2718 us
116 2655 187 2728 adp
209 2653 304 2713 maior
326 2654 435 2732 angulo
457 2656 538 2728 ped:
562 2674 632 2732 ergo
655 2657 734 2714 latus
750 2674 795 2730 pa
817 2659 863 2715 est
881 2655 978 2714 maius

67 2746 130 2822 qd.
176 2741 233 2800 Sed
252 2744 294 2802 bd
313 2747 358 2803 est
377 2744 482 2818 equale
502 2745 552 2812 ob,
572 2762 642 2821 ergo
660 2744 830 2804 coniunctio
849 2745 978 2803 laterum

44 2855 87 2913 sq
119 2834 169 2891 est
194 2831 288 2890 maior
310 2833 404 2892 latore
428 2833 482 2906 1293
513 2834 543 2890 et
564 2832 647 2892 istud
670 2836 727 2909 est,
756 2833 837 2909 quod
860 2833 977 2893 demon·

74 2920 242 2982 voluimus.
992 2934 1018 2973 eo

44 3009 167 3084 [llud‚
205 3009 297 3085 quod
329 3004 550 3087 <sequitur>‚
588 3010 697 3069 etiam
730 3011 891 3070 additum
924 3013 978 3068 est

53 3105 138 3163 imo
165 3091 464 3174 <theoremati>.²)

46 3218 182 3230 ..--——

71 3285 160 3358 quod
179 3283 295 3352 equalis·
332 3284 521 3339 Manifestum.
545 3318 580 3325 —
608 3292 650 3340 23.
670 3286 784 3358 anguli]
804 3285 924 3355 angulis.
944 3317 977 3326 -

45 3362 97 3433 to]
120 3355 193 3412 solo.
213 3387 248 3396 —
267 3361 309 3410 31.
328 3355 402 3410 Illud
420 3373 476 3424 quo
496 3356 625 3411 additum
643 3360 686 3412 est
705 3364 747 3413 20.

45 3477 183 3494 κ...-

45 3582 48 3615 r
72 3557 210 3610 Pnocrus
228 3556 285 3620 324,
301 3557 363 3620 3sq,
385 3585 419 3594 -
439 3555 465 3622 2)
485 3553 615 3612 Procius
637 3561 702 3629 aab,
718 3561 789 3628 leq.
