2340 3834
95 159 161 224 360
382 157 548 213 ANARITII
565 155 822 212 COMMENTARII

96 327 211 402 equalis
234 326 379 402 quadrato
397 325 521 385 binomii
540 325 716 403 adiungitur
734 324 773 383 ad
790 324 903 382 lineam
920 323 1106 400 rationalem,

95 415 130 473 fit
156 416 235 474 latus
262 416 326 474 eius
354 415 513 474 secundum
539 415 705 474 binomium
731 413 875 489 primum,
904 415 934 471 et
962 413 1106 489 similiter,

96 522 162 563 cum
181 502 349 579 superficies
368 504 483 579 equalis
502 503 656 580 quadratis
676 503 843 575 surdarum,
866 521 924 577 que
943 507 1107 578 sequuntur

94 592 272 667 binomium,
300 591 339 650 ad
366 592 582 670 longitudinem
608 592 685 650 linee
712 589 869 651 rationalis
897 591 1106 669 adiungantur,

69 680 131 739 cfit
153 681 233 739 latus
256 680 416 739 secundum
439 681 582 757 cuiusque
605 681 725 738 illarum
748 679 984 756 superficierum,
1007 699 1108 740 secun-

96 771 167 828 dum
198 769 277 844 quod
308 769 488 845 prediximus
515 770 547 827 in
574 768 812 845 precedentibus,
844 768 995 827 diversum
1022 768 1109 828 lateri

97 858 225 917 seeundo
245 859 317 931 eius,
336 879 392 934 que
412 862 540 933 equatur
558 858 703 934 quadrato
717 858 808 932 illius,
828 862 858 916 et
871 858 1109 917 diversificantur

97 947 248 1021 adiuncta,
280 948 356 1006 sicut
385 941 389 1023 Ι
419 946 544 1005 secunde
572 946 819 1020 diversificantur,
851 965 918 1004 oum
947 947 1109 1006 secundum
1126 959 1153 1007 τε

98 1035 328 1094 continuitatem
357 1035 559 1113 adiunguntur
589 1036 669 1094 linea
699 1053 817 1110 quoque
843 1035 977 1095 binomia
1004 1035 1109 1112 prima,

58 1138 84 1177 10
99 1127 129 1182 et
151 1124 291 1200 secunda,
321 1127 350 1182 et
372 1125 478 1198 tercia,
506 1127 535 1181 et
558 1127 678 1200 quarta,
707 1126 737 1182 et
760 1123 877 1200 quinta,
906 1127 937 1182 et
961 1127 1059 1199 sexta,
1082 1127 1110 1182 et

98 1213 175 1271 linee
199 1214 333 1287 secunde,
357 1233 413 1288 que
437 1231 487 1271 eas
511 1216 673 1288 sequuntur
694 1212 726 1270 in
744 1213 871 1271 termino
889 1213 1040 1288 medialis,
1062 1233 1109 1271 ne·

98 1321 154 1376 que
183 1301 240 1360 alie
267 1302 299 1359 in
325 1301 452 1360 termino
480 1301 618 1377 aliarum,
647 1305 677 1359 et
703 1300 779 1358 illud
802 1304 859 1375 est,
887 1302 968 1377 quod
991 1302 1109 1360 demon-

98 1392 192 1449 strare
215 1390 373 1449 voluimus.
420 1382 589 1470 (Terminus
611 1391 660 1449 hic
682 1389 807 1448 ubilibet
828 1390 1012 1468 intelligitur
1035 1391 1109 1449 diffi-

97 1478 180 1537 nitio.

59 1578 84 1618 15
182 1471 270 1625 {lum
289 1587 328 1624 ex
345 1567 443 1624 linea
462 1569 652 1642 separatur
669 1567 781 1642 linea,
804 1587 869 1643 que
888 1567 924 1625 in
943 1568 1108 1643 potentia
1142 1554 1145 1561 Δ

98 1658 238 1714 tantum
271 1655 344 1713 sint
370 1655 570 1715 rationales
599 1659 634 1714 et
663 1657 981 1730 communicantes,
1013 1657 1106 1716 linea

97 1761 283 1912 remanejrs
315 1746 369 1802 est
401 1745 520 1820 surda,
558 1748 593 1803 et
625 1746 759 1804 dicitur
790 1746 975 1804 residuum
1008 1745 1106 1804 abso-

98 1833 220 1891 lutum.

186 1921 251 1978 Iam
288 1921 467 1980 ostendimus
504 1920 536 1978 in
571 1922 796 1997 precedentibus
832 1923 935 2000 figuris
969 1924 1106 1999 exempla,

58 2021 85 2063 ro
100 2029 156 2085 que
189 2009 358 2086 significant
390 2010 614 2086 separationem.
664 2011 726 2069 Nos
758 2014 858 2069 tamen
890 2013 921 2069 in
950 2012 1025 2072 locis
1052 2011 1106 2071 suis

636 2180 649 2216 e
870 2164 888 2216 b

156 2413 311 2452 redieruusa
337 2414 572 2453 residunmabcoluturrr

229 2677 315 2730 radic
332 2678 437 2731 radicis
455 2681 510 2731 108
557 2633 586 2657 d
873 2694 888 2731 a
1051 2658 1069 2733 d

100 2822 367 2884 demonstrabimus
399 2827 492 2885 illum,
542 2827 641 2886 Huius
673 2846 742 2886 vero
774 2826 887 2885 residui
919 2832 964 2886 est
996 2828 1111 2904 paratio

101 2932 136 2970 ex
162 2912 293 2973 binomio
322 2916 466 2974 absoluto.
511 2916 576 2974 Iam
598 2916 786 2991 premisimus
809 2916 839 2973 in
863 2917 1111 2990 antecedentibus,

99 3002 247 3078 quomodo
281 3008 471 3080 computatur
502 3004 733 3082 unumquodque
764 3005 948 3063 residuorum
979 3010 1011 3064 et
1040 3005 1112 3063 illud

172 3159 213 3207 16.
232 3153 388 3208 rationalis.
409 3187 442 3194 -
463 3161 504 3208 21.
523 3155 673 3209 residuum.

171 3317 197 3385 1)
216 3313 346 3367 Euonnus
366 3312 486 3367 Cannam
504 3314 541 3383 X,
562 3320 595 3369 68
619 3315 775 3384 (Hammon
793 3314 831 3385 X,
852 3318 909 3384 73):
938 3316 970 3371 si
989 3318 1064 3372 linea
1081 3317 1113 3371 de

99 3385 173 3440 lutea
187 3386 375 3452 abscedatur,
387 3385 543 3455 fuerintque
558 3388 633 3441 umbe
643 3388 830 3455 peractiob'ter
842 3393 951 3442 tactum
964 3388 1113 3444 rationales

94 3458 338 3526 ommunicatus,
361 3457 468 3529 reliquo
491 3458 565 3513 liceo
587 3459 638 3512 erc'r
655 3458 842 3525 irrationalis,
867 3459 1027 3530 diceturque
1048 3460 1112 3514 reci·

84 3527 182 3588 dcun.
