2340 3834
401 115 452 170 AD
470 114 654 171 EUCLIDEM
671 116 739 172 LlB.
754 116 800 170 Vl.
1044 116 1109 181 185

68 278 198 360 itaque
224 285 322 360 ipsam
351 284 511 344 seeundum
537 303 688 358 numeros,
716 287 749 342 ut
782 304 816 343 ex
849 304 950 343 eorum
978 285 1110 360 exemplo

71 373 253 432 manifeste
276 373 450 433 declaretur.
495 373 610 431 Ponam
634 392 712 450 ergo,
735 376 770 431 ut
787 376 852 432 tota
871 373 1039 450 superficies
1057 375 1110 431 tri·

74 462 240 538 angula
267 463 307 522 sit
333 463 415 538 mille
442 464 551 539 viginti
579 465 707 538 quatuor
734 463 913 537 cubitorum,
941 465 970 520 et
992 481 1109 538 ponam,

74 547 123 602 ut
160 550 313 628 longitudo
340 552 418 609 linae
442 553 482 610 ab
510 552 550 610 sit
577 552 776 627 quadraginta
803 551 981 626 cubitorum,
1016 554 1046 610 et
1077 554 1111 608 ut

73 628 252 716 longitudo
274 640 378 698 lateris
401 641 502 698 desit
525 640 724 715 quadruplum
751 641 855 698 lateris
879 658 928 700 ea:
956 641 1012 698 erit
1039 659 1109 717 ergo
1137 650 1151 692 5

72 716 179 786 linea
200 729 243 787 alt
265 730 374 806 viginti
402 728 575 787 cubitorum.
627 727 701 786 Cum
729 747 799 806 ergo
827 729 1046 787 adiunxerimus
1074 728 1113 787 ad

70 803 209 875 lineam
227 818 270 875 alc
289 817 475 893 superficiem
489 818 617 876 similem
631 817 796 893 superficiei
810 820 857 893 da,
878 837 934 893 quc
953 821 998 877 est
1012 837 1111 893 supcr-

68 891 178 964 ficies
196 910 243 979 at,
261 907 453 964 manifestum
472 909 517 964 est
536 907 614 981 quod
632 907 712 964 linea
729 909 771 982 at,
791 926 848 982 que
868 910 913 965 est
931 908 1045 982 equalis
1065 907 1111 982 blo,

69 992 161 1051 erit
182 996 334 1072 octoginta
358 994 531 1053 cubitorum.
578 993 652 1053 Cum
675 996 768 1073 igitur
785 996 876 1053 fuerit
897 997 1050 1071 proportio
1074 997 1113 1054 dc

67 1076 141 1137 &d
166 1102 197 1143 ea
220 1085 297 1142 sicut
314 1085 468 1159 proportio
487 1085 528 1158 tls,
552 1104 608 1160 que
627 1086 672 1142 est
691 1084 805 1160 equalis
824 1085 872 1157 bc,
891 1084 930 1142 ad
948 1086 998 1157 ale,
1022 1087 1052 1142 et
1075 1086 1114 1142 de
1128 1097 1156 1136 ιο

63 1172 150 1228 est
170 1173 366 1248 quadruplum
388 1191 433 1247 ae,
457 1191 574 1232 neccsse
598 1174 663 1248 erit,
689 1176 724 1230 ut
745 1173 781 1230 at
806 1168 887 1250 <sit>
915 1172 1113 1248 quadruplum

61 1242 197 1340 (hc),
226 1280 296 1339 ergo
319 1262 355 1319 lat
381 1265 426 1321 est
454 1263 605 1339 octoginta
633 1260 806 1320 cubitorum.
851 1261 986 1319 Positum
1014 1263 1114 1318 autem

60 1347 160 1424 est,
186 1351 265 1425 quod
289 1350 331 1408 alc
359 1353 404 1409 est
431 1351 539 1427 viginti
568 1349 745 1410 cubitorum:
774 1350 941 1425 superficies
965 1350 1057 1426 igitur
1079 1353 1115 1407 at

60 1436 149 1494 est
168 1439 248 1497 mille
273 1442 303 1496 et
326 1442 529 1498 sexcentorum
552 1438 725 1497 cubitorum.
777 1437 835 1497 Sed
862 1441 928 1514 ipsa
952 1441 996 1498 est
1018 1438 1114 1496 maior

58 1506 251 1605 tl*iangulo
272 1546 300 1601 p.
350 1528 464 1586 Ponam
496 1528 590 1605 igitur
621 1530 813 1604 augmentum
846 1529 908 1587 eius
941 1546 1029 1602 supra
1061 1528 1156 1584 tri-15

61 1610 243 1692 angulum
269 1635 289 1689 9
320 1616 505 1692 superficiem
531 1618 568 1675 al
600 1617 727 1674 similem
758 1617 923 1692 superficiei
951 1618 1002 1692 da,
1036 1617 1114 1692 quod

63 1701 220 1768 quidem
239 1707 356 1764 constat
370 1706 530 1763 secundum
547 1705 752 1779 probationem
770 1705 864 1782 figure
878 1707 1014 1764 vicesimo
1034 1708 1114 1763 sexte

62 1765 187 1852 huius
217 1795 321 1869 partis.
371 1794 564 1851 Manifestum
592 1797 637 1852 est
664 1795 769 1870 igitur,
802 1795 881 1870 quod
908 1796 1114 1869 necessarium,

66 1873 138 1938 lli
157 1883 235 1941 latus
258 1901 313 1941 mn
327 1883 367 1940 sit
390 1882 589 1957 quadruplum
612 1883 714 1940 lateris
737 1884 789 1941 ml.
835 1883 928 1941 Latus
950 1885 1043 1960 igitur
1060 1901 1114 1941 aaa

72 1971 148 2029 Qst
174 1971 374 2048 quadraginta
402 1973 468 2029 octo
498 1970 664 2029 cubitorum
696 1966 747 2048 <et
775 1973 818 2029 lca
850 1972 1004 2030 duodecim
1035 1970 1114 2030 cubi·
1129 1985 1158 2024 so

74 2045 207 2136 1lorum,
232 2063 262 2117 et
285 2058 453 2135 superficies
475 2061 513 2117 al
536 2060 593 2117 erit
620 2060 849 2136 quingentorum
872 2055 1058 2137 cubitorum>
1086 2062 1115 2117 ct

84 2150 294 2226 Septuaginta
324 2168 382 2206 sex.
410 2181 452 2190 -
481 2146 648 2206 Secundum
678 2167 867 2206 numerorum
898 2152 1014 2224 partem
1046 2148 1114 2206 volo

86 2239 263 2313 ostendere,
287 2238 416 2313 qualiter
439 2237 496 2295 duo
520 2238 634 2293 numeri
658 2239 711 2293 aut
737 2237 794 2294 due
821 2237 899 2295 linee
921 2237 1115 2312 reperiantur,

86 2341 226 2403 quorum
254 2344 331 2384 unus
361 2327 418 2383 erit
448 2326 542 2383 altero
571 2325 766 2400 quadruplus,
795 2328 824 2382 et
852 2327 891 2383 sit
914 2325 1115 2400 superficialis,

92 2418 152 2493 qui
179 2416 318 2492 provenit
347 2433 382 2472 ex
409 2413 657 2490 multiplicatione
685 2415 773 2471 unius
800 2432 901 2471 eorum
923 2415 954 2471 in
978 2414 1155 2488 alterumue

96 2505 259 2582 quingenti
283 2506 314 2562 et
337 2504 528 2580 septuaginta
551 2521 608 2561 sex.
654 2502 768 2560 Ponam
793 2503 894 2578 itaque
917 2502 991 2560 duas
1013 2502 1116 2576 lineas

96 2589 177 2673 (ut)
206 2594 244 2652 ba
270 2593 302 2649 in
329 2610 365 2650 aa
394 2593 454 2649 sint
481 2591 637 2668 quingenti
665 2593 695 2648 et
722 2593 912 2668 septuaginta
935 2610 992 2650 sex.
1043 2589 1117 2648 (lum

101 2700 173 2760 ergo
193 2681 380 2740 diviserimus
400 2682 437 2739 ba
459 2681 491 2738 iu
510 2682 638 2755 quatuor
656 2681 808 2755 sectiones
832 2682 889 2738 erit
905 2681 1116 2755 multiplicatio

101 2773 246 2846 cuiusque
261 2770 399 2827 sectionis
413 2770 445 2826 in
459 2787 494 2828 as
508 2771 626 2826 eentum
640 2769 839 2846 quadraginta
853 2772 988 2845 quatuor,
1003 2787 1072 2846 ergo
1082 2786 1117 2828 as

98 2861 158 2920 erit
181 2857 345 2932 duodecim,
370 2861 400 2914 et
419 2859 456 2917 ba
479 2857 678 2934 quadraginta
702 2860 776 2916 octo.
822 2858 887 2915 Iam
910 2876 980 2935 ergo
1002 2859 1114 2917 inveni-
1130 2871 1158 2910 ao

97 2967 174 3023 mus,
198 2946 278 3024 quod
300 2947 456 3005 voluimus.
482 2978 523 2986 -
548 2944 707 3020 Complebo
730 2948 832 3022 itaque
860 2946 1042 3021 superficiem
1066 2948 1115 3005 alc.

99 3035 277 3112 Superfioies
300 3037 394 3112 igitur
411 3035 454 3092 aa
478 3036 522 3092 est
541 3035 654 3109 equalis
674 3035 839 3110 superficiei
858 3039 899 3110 at,
923 3037 1016 3093 otest
1034 3036 1116 3094 mille

98 3129 129 3184 et
162 3127 367 3184 sexcentorum
400 3123 572 3181 cubitorum.
633 3121 744 3181 Secabo
781 3124 874 3200 igitur
905 3143 940 3181 ex
971 3124 1051 3181 linea
1082 3126 1116 3182 lat

171 3283 197 3332 ²·
213 3275 403 3330 manifestum.
423 3305 457 3313 -
482 3279 506 3328 ⁶-
531 3273 678 3343 longitudo
697 3273 792 3341 lateris
811 3276 848 3340 cd
867 3277 902 3340 sit
921 3273 1116 3342 nummulum-

98 3381 133 3390 -
159 3354 211 3430 16..
222 3344 381 3428 superficies
400 3346 442 3399 al.
462 3377 507 3426 ’‘.
520 3351 561 3399 19.
580 3345 700 3399 laterum
718 3347 767 3400 ml.
787 3377 821 3426 ss
844 3352 886 3400 22.
906 3344 1061 3425 sexaginta.
1082 3377 1115 3385 -

97 3419 363 3542 pp2qmpgpntttpmet
381 3418 568 3486 sextuagmta.
592 3449 627 3457 -
650 3421 693 3472 27.
712 3418 866 3488 quinginta
881 3419 914 3470 et
928 3418 1126 3481 sentuagxnta.
