<?xml version="1.0" encoding="UTF-8"?>
<!DOCTYPE html PUBLIC "-//W3C//DTD XHTML 1.0 Transitional//EN"
    "http://www.w3.org/TR/xhtml1/DTD/xhtml1-transitional.dtd">
<html xmlns="http://www.w3.org/1999/xhtml" xml:lang="en" lang="en">
 <head>
  <title>
</title>
<meta http-equiv="Content-Type" content="text/html;charset=utf-8" />
  <meta name='ocr-system' content='tesseract 3.04.00' />
  <meta name='ocr-capabilities' content='ocr_page ocr_carea ocr_par ocr_line ocrx_word'/>
</head>
<body>
  <div class='ocr_page' id='page_1' title='image "./euclidisoperaom14unkngoog_0167.png"; bbox 0 0 2316 3840; ppageno 0'>
   <div class='ocr_carea' id='block_1_1' title="bbox 93 151 817 219">
    <p class='ocr_par' dir='ltr' id='par_1_1' title="bbox 93 151 817 219">
     <span class='ocr_line' id='line_1_1' title="bbox 93 151 817 219; baseline 0.001 -12"><span class='ocrx_word' id='word_1_1' title='bbox 93 156 157 219; x_wconf 88' lang='lat'>130</span> <span class='ocrx_word' id='word_1_2' title='bbox 377 153 542 207; x_wconf 84' lang='lat' dir='ltr'><strong>ANARITII</strong></span> <span class='ocrx_word' id='word_1_3' title='bbox 561 151 817 208; x_wconf 81' lang='lat' dir='ltr'><strong>COMMENTARII</strong></span> 
     </span>
    </p>
   </div>
   <div class='ocr_carea' id='block_1_2' title="bbox 47 308 1151 1814">
    <p class='ocr_par' dir='ltr' id='par_1_2' title="bbox 47 308 1151 1814">
     <span class='ocr_line' id='line_1_2' title="bbox 157 308 1151 398; baseline -0.001 -18"><span class='ocrx_word' id='word_1_4' title='bbox 157 322 243 380; x_wconf 84' lang='lat' dir='ltr'>Dixit</span> <span class='ocrx_word' id='word_1_5' title='bbox 264 323 396 382; x_wconf 78' lang='lat' dir='ltr'>Ynmus:</span> <span class='ocrx_word' id='word_1_6' title='bbox 419 322 482 381; x_wconf 90' lang='lat' dir='ltr'>Heo</span> <span class='ocrx_word' id='word_1_7' title='bbox 502 321 599 398; x_wconf 80' lang='lat' dir='ltr'>figura</span> <span class='ocrx_word' id='word_1_8' title='bbox 617 321 726 396; x_wconf 76' lang='lat' dir='ltr'>existit,</span> <span class='ocrx_word' id='word_1_9' title='bbox 749 320 912 381; x_wconf 86' lang='lat' dir='ltr'>secundum</span> <span class='ocrx_word' id='word_1_10' title='bbox 930 320 1016 396; x_wconf 89' lang='lat' dir='ltr'>quod</span> <span class='ocrx_word' id='word_1_11' title='bbox 1034 320 1111 379; x_wconf 86' lang='lat' dir='ltr'>dixit</span> <span class='ocrx_word' id='word_1_12' title='bbox 1148 308 1151 329; x_wconf 74' lang='lat'><strong>¹</strong></span> 
     </span>
     <span class='ocr_line' id='line_1_3' title="bbox 90 413 258 470; baseline -0.006 -1"><span class='ocrx_word' id='word_1_13' title='bbox 90 413 258 470; x_wconf 83' lang='lat' dir='ltr'>Eccnmns.</span> 
     </span>
     <span class='ocr_line' id='line_1_4' title="bbox 157 492 1110 575; baseline -0.001 -18"><span class='ocrx_word' id='word_1_14' title='bbox 157 501 193 557; x_wconf 96' lang='lat' dir='ltr'>In</span> <span class='ocrx_word' id='word_1_15' title='bbox 223 501 278 558; x_wconf 59' lang='grc' dir='ltr'>16δι</span> <span class='ocrx_word' id='word_1_16' title='bbox 304 492 457 575; x_wconf 80' lang='lat' dir='ltr'>figura1)</span> <span class='ocrx_word' id='word_1_17' title='bbox 492 499 568 557; x_wconf 84' lang='lat' dir='ltr'>dixit</span> <span class='ocrx_word' id='word_1_18' title='bbox 594 500 726 558; x_wconf 78' lang='lat' dir='ltr'>Ynnurs:</span> <span class='ocrx_word' id='word_1_19' title='bbox 764 498 796 558; x_wconf 86' lang='lat' dir='ltr'>Si</span> <span class='ocrx_word' id='word_1_20' title='bbox 823 501 971 574; x_wconf 88' lang='lat' dir='ltr'>punctum</span> <span class='ocrx_word' id='word_1_21' title='bbox 1004 498 1110 556; x_wconf 88' lang='lat' dir='ltr'>datum</span> 
     </span>
     <span class='ocr_line' id='line_1_5' title="bbox 89 587 1109 663; baseline 0 -17"><span class='ocrx_word' id='word_1_22' title='bbox 89 589 182 647; x_wconf 87' lang='lat' dir='ltr'>fuerit</span> <span class='ocrx_word' id='word_1_23' title='bbox 204 588 285 645; x_wconf 87' lang='lat' dir='ltr'>intra</span> <span class='ocrx_word' id='word_1_24' title='bbox 308 588 458 661; x_wconf 90' lang='lat' dir='ltr'>circulum,</span> <span class='ocrx_word' id='word_1_25' title='bbox 481 607 540 646; x_wconf 92' lang='lat' dir='ltr'>non</span> <span class='ocrx_word' id='word_1_26' title='bbox 564 590 609 646; x_wconf 91' lang='lat' dir='ltr'>est</span> <span class='ocrx_word' id='word_1_27' title='bbox 631 588 786 663; x_wconf 81' lang='lat' dir='ltr'>possibile,</span> <span class='ocrx_word' id='word_1_28' title='bbox 807 590 844 645; x_wconf 91' lang='lat' dir='ltr'>ut</span> <span class='ocrx_word' id='word_1_29' title='bbox 866 587 905 645; x_wconf 88' lang='lat' dir='ltr'>ab</span> <span class='ocrx_word' id='word_1_30' title='bbox 929 607 965 646; x_wconf 91' lang='lat' dir='ltr'>eo</span> <span class='ocrx_word' id='word_1_31' title='bbox 990 591 1109 663; x_wconf 83' lang='lat' dir='ltr'>protra-</span> 
     </span>
     <span class='ocr_line' id='line_1_6' title="bbox 63 676 1109 752; baseline 0.001 -18"><span class='ocrx_word' id='word_1_32' title='bbox 63 677 180 736; x_wconf 72' lang='lat' dir='ltr'>eham</span> <span class='ocrx_word' id='word_1_33' title='bbox 201 678 281 735; x_wconf 89' lang='lat' dir='ltr'>linea</span> <span class='ocrx_word' id='word_1_34' title='bbox 304 676 477 752; x_wconf 84' lang='lat' dir='ltr'>contingens</span> <span class='ocrx_word' id='word_1_35' title='bbox 496 677 648 751; x_wconf 90' lang='lat' dir='ltr'>circulum,</span> <span class='ocrx_word' id='word_1_36' title='bbox 672 677 813 752; x_wconf 91' lang='lat' dir='ltr'>quoniam</span> <span class='ocrx_word' id='word_1_37' title='bbox 831 677 899 752; x_wconf 89' lang='lat' dir='ltr'>ipsa</span> <span class='ocrx_word' id='word_1_38' title='bbox 917 677 1035 736; x_wconf 79' lang='lat' dir='ltr'>secabit</span> <span class='ocrx_word' id='word_1_39' title='bbox 1054 677 1109 735; x_wconf 89' lang='lat' dir='ltr'>cir-</span> 
     </span>
     <span class='ocr_line' id='line_1_7' title="bbox 91 764 560 840; baseline -0.002 -15"><span class='ocrx_word' id='word_1_40' title='bbox 91 768 204 838; x_wconf 82' lang='lat' dir='ltr'>culum3</span> <span class='ocrx_word' id='word_1_41' title='bbox 232 765 313 840; x_wconf 91' lang='lat' dir='ltr'>qnod</span> <span class='ocrx_word' id='word_1_42' title='bbox 341 764 366 824; x_wconf 90' lang='lat' dir='ltr'>si</span> <span class='ocrx_word' id='word_1_43' title='bbox 393 783 483 839; x_wconf 89' lang='lat' dir='ltr'>snpra</span> <span class='ocrx_word' id='word_1_44' title='bbox 506 766 560 824; x_wconf 89' lang='lat' dir='ltr'>oir-</span> 
     </span>
     <span class='ocr_line' id='line_1_8' title="bbox 90 853 561 928; baseline -0.002 -15"><span class='ocrx_word' id='word_1_45' title='bbox 90 856 302 914; x_wconf 82' lang='lat' dir='ltr'>conferentiam</span> <span class='ocrx_word' id='word_1_46' title='bbox 310 853 410 928; x_wconf 86' lang='lat' dir='ltr'>fuerit,</span> <span class='ocrx_word' id='word_1_47' title='bbox 421 854 561 928; x_wconf 91' lang='lat' dir='ltr'>possibile</span> 
     </span>
     <span class='ocr_line' id='line_1_9' title="bbox 90 943 562 1019; baseline -0.002 -17"><span class='ocrx_word' id='word_1_48' title='bbox 90 944 160 1019; x_wconf 88' lang='lat' dir='ltr'>erit,</span> <span class='ocrx_word' id='word_1_49' title='bbox 190 945 224 1001; x_wconf 91' lang='lat' dir='ltr'>ut</span> <span class='ocrx_word' id='word_1_50' title='bbox 251 943 288 1001; x_wconf 97' lang='lat' dir='ltr'>ab</span> <span class='ocrx_word' id='word_1_51' title='bbox 312 962 345 1002; x_wconf 89' lang='lat' dir='ltr'>co</span> <span class='ocrx_word' id='word_1_52' title='bbox 368 943 562 1018; x_wconf 83' lang='lat' dir='ltr'>protrahatur</span> 
     </span>
     <span class='ocr_line' id='line_1_10' title="bbox 90 1032 561 1106; baseline -0.002 -16"><span class='ocrx_word' id='word_1_53' title='bbox 90 1032 234 1090; x_wconf 80' lang='lat' dir='ltr'>diameter</span> <span class='ocrx_word' id='word_1_54' title='bbox 248 1032 358 1106; x_wconf 76' lang='lat' dir='ltr'>circuli,</span> <span class='ocrx_word' id='word_1_55' title='bbox 377 1034 408 1089; x_wconf 90' lang='lat' dir='ltr'>et</span> <span class='ocrx_word' id='word_1_56' title='bbox 423 1033 561 1105; x_wconf 89' lang='lat' dir='ltr'>utsupra</span> 
     </span>
     <span class='ocr_line' id='line_1_11' title="bbox 48 1120 561 1196; baseline 0.008 -22"><span class='ocrx_word' id='word_1_57' title='bbox 48 1135 76 1174; x_wconf 89' lang='lat'>10</span> <span class='ocrx_word' id='word_1_58' title='bbox 88 1121 165 1179; x_wconf 91' lang='lat' dir='ltr'>illud</span> <span class='ocrx_word' id='word_1_59' title='bbox 186 1124 331 1196; x_wconf 88' lang='lat' dir='ltr'>punctum</span> <span class='ocrx_word' id='word_1_60' title='bbox 352 1120 478 1178; x_wconf 90' lang='lat' dir='ltr'>ducatur</span> <span class='ocrx_word' id='word_1_61' title='bbox 495 1139 561 1195; x_wconf 91' lang='lat' dir='ltr'>per·</span> 
     </span>
     <span class='ocr_line' id='line_1_12' title="bbox 88 1208 561 1286; baseline -0.004 -18"><span class='ocrx_word' id='word_1_62' title='bbox 88 1210 301 1286; x_wconf 81' lang='lat' dir='ltr'>pendiculan‘s,</span> <span class='ocrx_word' id='word_1_63' title='bbox 326 1227 383 1284; x_wconf 91' lang='lat' dir='ltr'>que</span> <span class='ocrx_word' id='word_1_64' title='bbox 407 1208 561 1285; x_wconf 87' lang='lat' dir='ltr'>contingat</span> 
     </span>
     <span class='ocr_line' id='line_1_13' title="bbox 89 1297 560 1358; baseline -0.002 -1"><span class='ocrx_word' id='word_1_65' title='bbox 89 1299 241 1358; x_wconf 87' lang='lat' dir='ltr'>circulum.</span> <span class='ocrx_word' id='word_1_66' title='bbox 273 1298 315 1355; x_wconf 84' lang='lat' dir='ltr'>Et</span> <span class='ocrx_word' id='word_1_67' title='bbox 337 1297 362 1355; x_wconf 93' lang='lat' dir='ltr'>si</span> <span class='ocrx_word' id='word_1_68' title='bbox 380 1297 560 1356; x_wconf 82' lang='lat' dir='ltr'>voluerimus</span> 
     </span>
     <span class='ocr_line' id='line_1_14' title="bbox 88 1385 560 1464; baseline -0.004 -18"><span class='ocrx_word' id='word_1_69' title='bbox 88 1405 107 1446; x_wconf 89' lang='lat' dir='ltr'>a</span> <span class='ocrx_word' id='word_1_70' title='bbox 129 1390 239 1464; x_wconf 89' lang='lat' dir='ltr'>puncto</span> <span class='ocrx_word' id='word_1_71' title='bbox 264 1405 283 1445; x_wconf 88' lang='lat' dir='ltr'>c</span> <span class='ocrx_word' id='word_1_72' title='bbox 306 1385 345 1444; x_wconf 89' lang='lat' dir='ltr'>ad</span> <span class='ocrx_word' id='word_1_73' title='bbox 367 1385 560 1444; x_wconf 87' lang='lat' dir='ltr'>circonferen·</span> 
     </span>
     <span class='ocr_line' id='line_1_15' title="bbox 88 1473 560 1548; baseline -0.004 -13"><span class='ocrx_word' id='word_1_74' title='bbox 88 1477 163 1535; x_wconf 90' lang='lat' dir='ltr'>tiam</span> <span class='ocrx_word' id='word_1_75' title='bbox 186 1475 288 1535; x_wconf 89' lang='lat' dir='ltr'>circuli</span> <span class='ocrx_word' id='word_1_76' title='bbox 308 1491 349 1548; x_wconf 69' lang='lat' dir='ltr'>pr</span> <span class='ocrx_word' id='word_1_77' title='bbox 374 1473 448 1532; x_wconf 91' lang='lat' dir='ltr'>duas</span> <span class='ocrx_word' id='word_1_78' title='bbox 466 1475 560 1533; x_wconf 89' lang='lat' dir='ltr'>lineas</span> 
     </span>
     <span class='ocr_line' id='line_1_16' title="bbox 47 1563 560 1642; baseline -0.008 -18"><span class='ocrx_word' id='word_1_79' title='bbox 47 1578 74 1618; x_wconf 84' lang='lat'>15</span> <span class='ocrx_word' id='word_1_80' title='bbox 88 1565 186 1642; x_wconf 90' lang='lat' dir='ltr'>ipsum</span> <span class='ocrx_word' id='word_1_81' title='bbox 214 1564 419 1640; x_wconf 85' lang='lat' dir='ltr'>contingentes</span> <span class='ocrx_word' id='word_1_82' title='bbox 446 1563 560 1638; x_wconf 82' lang='lat' dir='ltr'>ducere,</span> 
     </span>
     <span class='ocr_line' id='line_1_17' title="bbox 87 1652 560 1729; baseline -0.008 -16"><span class='ocrx_word' id='word_1_83' title='bbox 87 1653 296 1729; x_wconf 84' lang='lat' dir='ltr'>protrahamus</span> <span class='ocrx_word' id='word_1_84' title='bbox 324 1652 434 1710; x_wconf 89' lang='lat' dir='ltr'>lineam</span> <span class='ocrx_word' id='word_1_85' title='bbox 455 1653 494 1711; x_wconf 73' lang='lat' dir='ltr'>tr</span> <span class='ocrx_word' id='word_1_86' title='bbox 517 1670 560 1709; x_wconf 91' lang='lat' dir='ltr'>se·</span> 
     </span>
     <span class='ocr_line' id='line_1_18' title="bbox 88 1740 559 1814; baseline -0.006 -14"><span class='ocrx_word' id='word_1_87' title='bbox 88 1743 218 1800; x_wconf 88' lang='lat' dir='ltr'>cundum</span> <span class='ocrx_word' id='word_1_88' title='bbox 235 1740 445 1800; x_wconf 84' lang='lat' dir='ltr'>rectitudinem</span> <span class='ocrx_word' id='word_1_89' title='bbox 464 1759 559 1814; x_wconf 88' lang='lat' dir='ltr'>usque</span> 
     </span>
    </p>
   </div>
   <div class='ocr_carea' id='block_1_3' title="bbox 88 1830 560 1995">
    <p class='ocr_par' dir='ltr' id='par_1_3' title="bbox 88 1830 560 1995">
     <span class='ocr_line' id='line_1_19' title="bbox 89 1830 560 1906; baseline -0.002 -18"><span class='ocrx_word' id='word_1_90' title='bbox 89 1831 127 1888; x_wconf 87' lang='lat' dir='ltr'>ad</span> <span class='ocrx_word' id='word_1_91' title='bbox 136 1833 162 1906; x_wconf 78' lang='lat' dir='ltr'>lc,</span> <span class='ocrx_word' id='word_1_92' title='bbox 178 1834 208 1888; x_wconf 92' lang='lat' dir='ltr'>et</span> <span class='ocrx_word' id='word_1_93' title='bbox 222 1830 433 1906; x_wconf 88' lang='lat' dir='ltr'>coniungcmus</span> <span class='ocrx_word' id='word_1_94' title='bbox 448 1831 560 1904; x_wconf 87' lang='lat' dir='ltr'>puncta</span> 
     </span>
     <span class='ocr_line' id='line_1_20' title="bbox 88 1918 560 1995; baseline -0.004 -18"><span class='ocrx_word' id='word_1_95' title='bbox 88 1921 149 1995; x_wconf 60' lang='lat' dir='ltr'>dds</span> <span class='ocrx_word' id='word_1_96' title='bbox 166 1919 366 1994; x_wconf 89' lang='lat' dir='ltr'>protrahendo</span> <span class='ocrx_word' id='word_1_97' title='bbox 384 1919 494 1976; x_wconf 88' lang='lat' dir='ltr'>lineam</span> <span class='ocrx_word' id='word_1_98' title='bbox 509 1918 560 1991; x_wconf 78' lang='lat' dir='ltr'>dle,</span> 
     </span>
    </p>
   </div>
   <div class='ocr_carea' id='block_1_4' title="bbox 46 2005 1113 2620">
    <p class='ocr_par' dir='ltr' id='par_1_4' title="bbox 49 2005 1112 2082">
     <span class='ocr_line' id='line_1_21' title="bbox 49 2005 1112 2082; baseline 0.005 -16"><span class='ocrx_word' id='word_1_99' title='bbox 49 2021 75 2060; x_wconf 74' lang='lat'>20</span> <span class='ocrx_word' id='word_1_100' title='bbox 89 2028 146 2082; x_wconf 88' lang='lat' dir='ltr'>que</span> <span class='ocrx_word' id='word_1_101' title='bbox 165 2008 277 2066; x_wconf 84' lang='lat' dir='ltr'>secabit</span> <span class='ocrx_word' id='word_1_102' title='bbox 295 2007 439 2065; x_wconf 87' lang='lat' dir='ltr'>circulum</span> <span class='ocrx_word' id='word_1_103' title='bbox 458 2025 548 2082; x_wconf 90' lang='lat' dir='ltr'>supra</span> <span class='ocrx_word' id='word_1_104' title='bbox 566 2008 711 2081; x_wconf 88' lang='lat' dir='ltr'>punctum</span> <span class='ocrx_word' id='word_1_105' title='bbox 727 2007 746 2080; x_wconf 82' lang='lat' dir='ltr'>t,</span> <span class='ocrx_word' id='word_1_106' title='bbox 764 2009 795 2064; x_wconf 91' lang='lat' dir='ltr'>et</span> <span class='ocrx_word' id='word_1_107' title='bbox 812 2005 981 2082; x_wconf 84' lang='lat' dir='ltr'>producam</span> <span class='ocrx_word' id='word_1_108' title='bbox 995 2009 1112 2071; x_wconf 87' lang='lat' dir='ltr'>lineam</span> 
     </span>
    </p>

    <p class='ocr_par' dir='ltr' id='par_1_5' title="bbox 88 2094 1113 2176">
     <span class='ocr_line' id='line_1_22' title="bbox 88 2094 1113 2176; baseline 0.005 -22"><span class='ocrx_word' id='word_1_109' title='bbox 88 2099 132 2155; x_wconf 83' lang='lat' dir='ltr'>al.</span> <span class='ocrx_word' id='word_1_110' title='bbox 155 2097 349 2154; x_wconf 87' lang='lat' dir='ltr'>Manifestum</span> <span class='ocrx_word' id='word_1_111' title='bbox 358 2098 404 2154; x_wconf 91' lang='lat' dir='ltr'>est</span> <span class='ocrx_word' id='word_1_112' title='bbox 416 2095 519 2172; x_wconf 83' lang='lat' dir='ltr'>igitur,</span> <span class='ocrx_word' id='word_1_113' title='bbox 533 2094 693 2153; x_wconf 90' lang='lat' dir='ltr'>secundum</span> <span class='ocrx_word' id='word_1_114' title='bbox 702 2095 782 2170; x_wconf 90' lang='lat' dir='ltr'>quod</span> <span class='ocrx_word' id='word_1_115' title='bbox 792 2094 922 2154; x_wconf 90' lang='lat' dir='ltr'>ostendit</span> <span class='ocrx_word' id='word_1_116' title='bbox 930 2096 1113 2176; x_wconf 76' lang='lat' dir='ltr'>Eudamus,</span> 
     </span>
    </p>

    <p class='ocr_par' dir='ltr' id='par_1_6' title="bbox 55 2183 1113 2261">
     <span class='ocr_line' id='line_1_23' title="bbox 55 2183 1113 2261; baseline 0.004 -17"><span class='ocrx_word' id='word_1_117' title='bbox 55 2254 57 2258; x_wconf 21' lang='lat'><strong>¹</strong></span> <span class='ocrx_word' id='word_1_118' title='bbox 88 2186 168 2260; x_wconf 92' lang='lat' dir='ltr'>quod</span> <span class='ocrx_word' id='word_1_119' title='bbox 181 2186 261 2243; x_wconf 89' lang='lat' dir='ltr'>linea</span> <span class='ocrx_word' id='word_1_120' title='bbox 270 2187 305 2243; x_wconf 85' lang='lat' dir='ltr'>al</span> <span class='ocrx_word' id='word_1_121' title='bbox 319 2184 467 2261; x_wconf 85' lang='lat' dir='ltr'>contingit</span> <span class='ocrx_word' id='word_1_122' title='bbox 480 2183 632 2257; x_wconf 82' lang='lat' dir='ltr'>circulum,</span> <span class='ocrx_word' id='word_1_123' title='bbox 647 2185 677 2240; x_wconf 89' lang='lat' dir='ltr'>ct</span> <span class='ocrx_word' id='word_1_124' title='bbox 690 2186 736 2241; x_wconf 89' lang='lat' dir='ltr'>est</span> <span class='ocrx_word' id='word_1_125' title='bbox 749 2184 863 2259; x_wconf 89' lang='lat' dir='ltr'>equalis</span> <span class='ocrx_word' id='word_1_126' title='bbox 876 2183 956 2242; x_wconf 86' lang='lat' dir='ltr'>linco</span> <span class='ocrx_word' id='word_1_127' title='bbox 972 2191 1018 2245; x_wconf 76' lang='lat' dir='ltr'>at.</span> <span class='ocrx_word' id='word_1_128' title='bbox 1042 2188 1113 2248; x_wconf 87' lang='lat' dir='ltr'>Iam</span> 
     </span>
    </p>

    <p class='ocr_par' dir='ltr' id='par_1_7' title="bbox 88 2271 1112 2352">
     <span class='ocr_line' id='line_1_24' title="bbox 88 2271 1112 2352; baseline 0.007 -21"><span class='ocrx_word' id='word_1_129' title='bbox 88 2295 158 2352; x_wconf 86' lang='lat' dir='ltr'>ergo</span> <span class='ocrx_word' id='word_1_130' title='bbox 181 2273 372 2333; x_wconf 86' lang='lat' dir='ltr'>manifestum</span> <span class='ocrx_word' id='word_1_131' title='bbox 397 2277 451 2346; x_wconf 86' lang='lat' dir='ltr'>cst,</span> <span class='ocrx_word' id='word_1_132' title='bbox 474 2272 553 2348; x_wconf 92' lang='lat' dir='ltr'>quod</span> <span class='ocrx_word' id='word_1_133' title='bbox 576 2272 634 2330; x_wconf 92' lang='lat' dir='ltr'>due</span> <span class='ocrx_word' id='word_1_134' title='bbox 656 2271 743 2346; x_wconf 88' lang='lat' dir='ltr'>linee,</span> <span class='ocrx_word' id='word_1_135' title='bbox 766 2292 824 2347; x_wconf 89' lang='lat' dir='ltr'>que</span> <span class='ocrx_word' id='word_1_136' title='bbox 847 2273 1074 2346; x_wconf 82' lang='lat' dir='ltr'>protrahuntur</span> <span class='ocrx_word' id='word_1_137' title='bbox 1093 2297 1112 2338; x_wconf 87' lang='lat' dir='ltr'>a</span> 
     </span>
    </p>

    <p class='ocr_par' dir='ltr' id='par_1_8' title="bbox 46 2360 1112 2532">
     <span class='ocr_line' id='line_1_25' title="bbox 88 2360 1112 2438; baseline 0.006 -18"><span class='ocrx_word' id='word_1_138' title='bbox 88 2364 222 2437; x_wconf 88' lang='lat' dir='ltr'>quolibet</span> <span class='ocrx_word' id='word_1_139' title='bbox 254 2365 364 2437; x_wconf 88' lang='lat' dir='ltr'>puncto</span> <span class='ocrx_word' id='word_1_140' title='bbox 398 2362 468 2420; x_wconf 87' lang='lat' dir='ltr'>dato</span> <span class='ocrx_word' id='word_1_141' title='bbox 497 2361 640 2419; x_wconf 84' lang='lat' dir='ltr'>circulum</span> <span class='ocrx_word' id='word_1_142' title='bbox 667 2360 770 2419; x_wconf 88' lang='lat' dir='ltr'>datum</span> <span class='ocrx_word' id='word_1_143' title='bbox 798 2360 1007 2438; x_wconf 86' lang='lat' dir='ltr'>contingentes</span> <span class='ocrx_word' id='word_1_144' title='bbox 1037 2370 1112 2426; x_wconf 88' lang='lat' dir='ltr'>sunt</span> 
     </span>
     <span class='ocr_line' id='line_1_26' title="bbox 46 2444 996 2532; baseline 0.008 -30"><span class='ocrx_word' id='word_1_145' title='bbox 46 2464 73 2503; x_wconf 82' lang='lat'>25</span> <span class='ocrx_word' id='word_1_146' title='bbox 89 2452 223 2525; x_wconf 81' lang='lat' dir='ltr'>equalcs3</span> <span class='ocrx_word' id='word_1_147' title='bbox 247 2453 277 2508; x_wconf 93' lang='lat' dir='ltr'>et</span> <span class='ocrx_word' id='word_1_148' title='bbox 298 2451 376 2508; x_wconf 85' lang='lat' dir='ltr'>illud</span> <span class='ocrx_word' id='word_1_149' title='bbox 399 2452 452 2524; x_wconf 87' lang='lat' dir='ltr'>est,</span> <span class='ocrx_word' id='word_1_150' title='bbox 475 2449 555 2525; x_wconf 91' lang='lat' dir='ltr'>quod</span> <span class='ocrx_word' id='word_1_151' title='bbox 577 2450 778 2508; x_wconf 87' lang='lat' dir='ltr'>demonstrare</span> <span class='ocrx_word' id='word_1_152' title='bbox 801 2444 996 2532; x_wconf 74' lang='lat' dir='ltr'>voluimus.²)</span> 
     </span>
    </p>

    <p class='ocr_par' dir='ltr' id='par_1_9' title="bbox 153 2531 1110 2620">
     <span class='ocr_line' id='line_1_27' title="bbox 153 2531 1110 2620; baseline 0.004 -25"><span class='ocrx_word' id='word_1_153' title='bbox 153 2539 189 2596; x_wconf 93' lang='lat' dir='ltr'>In</span> <span class='ocrx_word' id='word_1_154' title='bbox 216 2537 340 2615; x_wconf 85' lang='lat' dir='ltr'>figura</span> <span class='ocrx_word' id='word_1_155' title='bbox 366 2531 452 2619; x_wconf 73' lang='lat'>19⁸3)</span> <span class='ocrx_word' id='word_1_156' title='bbox 486 2538 561 2596; x_wconf 81' lang='lat' dir='ltr'>dixit</span> <span class='ocrx_word' id='word_1_157' title='bbox 588 2538 719 2597; x_wconf 80' lang='lat' dir='ltr'>Ynmos:</span> <span class='ocrx_word' id='word_1_158' title='bbox 752 2537 827 2596; x_wconf 79' lang='lat' dir='ltr'>Cum</span> <span class='ocrx_word' id='word_1_159' title='bbox 852 2538 946 2597; x_wconf 88' lang='lat' dir='ltr'>fuerit</span> <span class='ocrx_word' id='word_1_160' title='bbox 973 2543 1110 2620; x_wconf 82' lang='lat' dir='ltr'>angulus</span> 
     </span>
    </p>
   </div>
   <div class='ocr_carea' id='block_1_5' title="bbox 86 2626 1110 2792">
    <p class='ocr_par' dir='ltr' id='par_1_10' title="bbox 86 2626 1110 2792">
     <span class='ocr_line' id='line_1_28' title="bbox 87 2626 1110 2702; baseline 0.008 -18"><span class='ocrx_word' id='word_1_161' title='bbox 87 2627 233 2701; x_wconf 89' lang='lat' dir='ltr'>portionis</span> <span class='ocrx_word' id='word_1_162' title='bbox 263 2645 353 2701; x_wconf 89' lang='lat' dir='ltr'>supra</span> <span class='ocrx_word' id='word_1_163' title='bbox 381 2626 638 2687; x_wconf 89' lang='lat' dir='ltr'>circonfercntiam</span> <span class='ocrx_word' id='word_1_164' title='bbox 661 2626 774 2702; x_wconf 88' lang='lat' dir='ltr'>equalis</span> <span class='ocrx_word' id='word_1_165' title='bbox 795 2628 875 2701; x_wconf 69' lang='lat' dir='ltr'>cab,</span> <span class='ocrx_word' id='word_1_166' title='bbox 899 2629 930 2685; x_wconf 91' lang='lat' dir='ltr'>et</span> <span class='ocrx_word' id='word_1_167' title='bbox 951 2627 1039 2689; x_wconf 88' lang='lat' dir='ltr'>linea</span> <span class='ocrx_word' id='word_1_168' title='bbox 1064 2633 1110 2692; x_wconf 86' lang='lat' dir='ltr'>cd</span> 
     </span>
     <span class='ocr_line' id='line_1_29' title="bbox 86 2713 1108 2792; baseline 0.006 -19"><span class='ocrx_word' id='word_1_169' title='bbox 86 2716 178 2773; x_wconf 85' lang='lat' dir='ltr'>fuerit</span> <span class='ocrx_word' id='word_1_170' title='bbox 188 2713 347 2774; x_wconf 89' lang='lat' dir='ltr'>coniuncta</span> <span class='ocrx_word' id='word_1_171' title='bbox 360 2715 437 2773; x_wconf 86' lang='lat' dir='ltr'>linec</span> <span class='ocrx_word' id='word_1_172' title='bbox 451 2718 492 2775; x_wconf 86' lang='lat' dir='ltr'>db</span> <span class='ocrx_word' id='word_1_173' title='bbox 503 2714 666 2775; x_wconf 89' lang='lat' dir='ltr'>secundum</span> <span class='ocrx_word' id='word_1_174' title='bbox 674 2715 891 2792; x_wconf 86' lang='lat' dir='ltr'>rectitudinem,</span> <span class='ocrx_word' id='word_1_175' title='bbox 905 2717 1108 2778; x_wconf 86' lang='lat' dir='ltr'>manifestum</span> 
     </span>
    </p>
   </div>
   <div class='ocr_carea' id='block_1_6' title="bbox 159 2901 468 2957">
    <p class='ocr_par' dir='ltr' id='par_1_11' title="bbox 159 2901 468 2957">
     <span class='ocr_line' id='line_1_30' title="bbox 159 2901 468 2957; baseline 0.003 -2"><span class='ocrx_word' id='word_1_176' title='bbox 159 2908 200 2957; x_wconf 79' lang='lat'>20.</span> <span class='ocrx_word' id='word_1_177' title='bbox 221 2901 326 2954; x_wconf 86' lang='lat' dir='ltr'>lineam</span> <span class='ocrx_word' id='word_1_178' title='bbox 344 2903 468 2957; x_wconf 77' lang='lat' dir='ltr'>iteratur.</span> 
     </span>
    </p>
   </div>
   <div class='ocr_carea' id='block_1_7' title="bbox 78 3097 1104 3594">
    <p class='ocr_par' dir='ltr' id='par_1_12' title="bbox 86 3097 1104 3238">
     <span class='ocr_line' id='line_1_31' title="bbox 158 3097 1104 3167; baseline 0.006 -17"><span class='ocrx_word' id='word_1_179' title='bbox 158 3100 183 3165; x_wconf 85' lang='lat'>1)</span> <span class='ocrx_word' id='word_1_180' title='bbox 202 3097 337 3150; x_wconf 79' lang='lat' dir='ltr'>Encnroas</span> <span class='ocrx_word' id='word_1_181' title='bbox 357 3098 408 3164; x_wconf 80' lang='grc' dir='ltr'>ΠΙ,</span> <span class='ocrx_word' id='word_1_182' title='bbox 429 3103 461 3150; x_wconf 89' lang='grc'>16</span> <span class='ocrx_word' id='word_1_183' title='bbox 481 3099 548 3167; x_wconf 75' lang='lat'>(17):</span> <span class='ocrx_word' id='word_1_184' title='bbox 576 3098 653 3152; x_wconf 82' lang='lat' dir='ltr'>Dato</span> <span class='ocrx_word' id='word_1_185' title='bbox 672 3103 775 3166; x_wconf 74' lang='lat' dir='ltr'>pwccto</span> <span class='ocrx_word' id='word_1_186' title='bbox 798 3099 835 3152; x_wconf 82' lang='lat' dir='ltr'>cd</span> <span class='ocrx_word' id='word_1_187' title='bbox 853 3099 949 3152; x_wconf 78' lang='lat' dir='ltr'>datum</span> <span class='ocrx_word' id='word_1_188' title='bbox 968 3101 1104 3157; x_wconf 70' lang='lat' dir='ltr'>circulum</span> 
     </span>
     <span class='ocr_line' id='line_1_32' title="bbox 86 3169 522 3238; baseline -0.005 -15"><span class='ocrx_word' id='word_1_189' title='bbox 86 3170 187 3223; x_wconf 76' lang='lat' dir='ltr'>lineam</span> <span class='ocrx_word' id='word_1_190' title='bbox 205 3169 401 3238; x_wconf 72' lang='lat' dir='ltr'>coatiopcotem</span> <span class='ocrx_word' id='word_1_191' title='bbox 419 3169 522 3223; x_wconf 77' lang='lat' dir='ltr'>docere.</span> 
     </span>
    </p>

    <p class='ocr_par' dir='ltr' id='par_1_13' title="bbox 86 3237 1102 3382">
     <span class='ocr_line' id='line_1_33' title="bbox 157 3237 1102 3309; baseline 0.006 -18"><span class='ocrx_word' id='word_1_192' title='bbox 157 3241 183 3308; x_wconf 76' lang='lat'>2)</span> <span class='ocrx_word' id='word_1_193' title='bbox 202 3239 279 3292; x_wconf 81' lang='lat' dir='ltr'>Hanc</span> <span class='ocrx_word' id='word_1_194' title='bbox 300 3254 365 3308; x_wconf 84' lang='lat' dir='ltr'>ergo</span> <span class='ocrx_word' id='word_1_195' title='bbox 383 3238 489 3309; x_wconf 89' lang='lat' dir='ltr'>primus</span> <span class='ocrx_word' id='word_1_196' title='bbox 509 3237 724 3307; x_wconf 81' lang='lat' dir='ltr'>demonstravit,</span> <span class='ocrx_word' id='word_1_197' title='bbox 745 3239 780 3293; x_wconf 89' lang='lat' dir='ltr'>ab</span> <span class='ocrx_word' id='word_1_198' title='bbox 801 3238 876 3293; x_wconf 88' lang='lat' dir='ltr'>omni</span> <span class='ocrx_word' id='word_1_199' title='bbox 893 3243 1004 3308; x_wconf 89' lang='lat' dir='ltr'>puncto</span> <span class='ocrx_word' id='word_1_200' title='bbox 1023 3245 1102 3296; x_wconf 85' lang='lat' dir='ltr'>extra</span> 
     </span>
     <span class='ocr_line' id='line_1_34' title="bbox 86 3309 1100 3382; baseline 0.003 -18"><span class='ocrx_word' id='word_1_201' title='bbox 86 3309 221 3364; x_wconf 90' lang='lat' dir='ltr'>circulum</span> <span class='ocrx_word' id='word_1_202' title='bbox 240 3310 310 3362; x_wconf 86' lang='lat' dir='ltr'>duas</span> <span class='ocrx_word' id='word_1_203' title='bbox 329 3309 443 3377; x_wconf 85' lang='lat' dir='ltr'>equales</span> <span class='ocrx_word' id='word_1_204' title='bbox 462 3309 552 3363; x_wconf 82' lang='lat' dir='ltr'>lineas</span> <span class='ocrx_word' id='word_1_205' title='bbox 568 3309 703 3364; x_wconf 90' lang='lat' dir='ltr'>circulum</span> <span class='ocrx_word' id='word_1_206' title='bbox 717 3309 912 3380; x_wconf 80' lang='lat' dir='ltr'>contingentes</span> <span class='ocrx_word' id='word_1_207' title='bbox 928 3311 996 3366; x_wconf 90' lang='lat' dir='ltr'>duci</span> <span class='ocrx_word' id='word_1_208' title='bbox 1009 3329 1100 3382; x_wconf 82' lang='lat' dir='ltr'>posse.</span> 
     </span>
    </p>

    <p class='ocr_par' dir='ltr' id='par_1_14' title="bbox 78 3381 1101 3594">
     <span class='ocr_line' id='line_1_35' title="bbox 157 3381 1101 3453; baseline 0.003 -19"><span class='ocrx_word' id='word_1_209' title='bbox 157 3384 183 3451; x_wconf 88' lang='lat'>3)</span> <span class='ocrx_word' id='word_1_210' title='bbox 202 3381 337 3434; x_wconf 80' lang='lat' dir='ltr'>Encnrnns</span> <span class='ocrx_word' id='word_1_211' title='bbox 356 3381 407 3449; x_wconf 83' lang='lat' dir='ltr'>III,</span> <span class='ocrx_word' id='word_1_212' title='bbox 428 3387 460 3434; x_wconf 85' lang='grc'>19</span> <span class='ocrx_word' id='word_1_213' title='bbox 480 3383 548 3451; x_wconf 79' lang='lat'><strong>(20):</strong></span> <span class='ocrx_word' id='word_1_214' title='bbox 577 3382 608 3435; x_wconf 80' lang='lat' dir='ltr'>Si</span> <span class='ocrx_word' id='word_1_215' title='bbox 631 3383 707 3436; x_wconf 73' lang='lat' dir='ltr'>intro</span> <span class='ocrx_word' id='word_1_216' title='bbox 724 3382 856 3437; x_wconf 75' lang='lat' dir='ltr'>circulum</span> <span class='ocrx_word' id='word_1_217' title='bbox 874 3383 998 3452; x_wconf 69' lang='lat' dir='ltr'>copulae</span> <span class='ocrx_word' id='word_1_218' title='bbox 1015 3401 1101 3453; x_wconf 75' lang='lat' dir='ltr'>supra</span> 
     </span>
     <span class='ocr_line' id='line_1_36' title="bbox 85 3453 1098 3523; baseline 0.005 -17"><span class='ocrx_word' id='word_1_219' title='bbox 85 3459 206 3507; x_wconf 70' lang='lat' dir='ltr'>ceodrum</span> <span class='ocrx_word' id='word_1_220' title='bbox 224 3454 362 3519; x_wconf 71' lang='lat' dir='ltr'>consistat,</span> <span class='ocrx_word' id='word_1_221' title='bbox 381 3453 455 3506; x_wconf 76' lang='lat' dir='ltr'>alica</span> <span class='ocrx_word' id='word_1_222' title='bbox 468 3469 529 3507; x_wconf 82' lang='lat' dir='ltr'>cero</span> <span class='ocrx_word' id='word_1_223' title='bbox 544 3454 663 3523; x_wconf 69' lang='lat' dir='ltr'>copulas</span> <span class='ocrx_word' id='word_1_224' title='bbox 676 3469 763 3522; x_wconf 77' lang='lat' dir='ltr'>supra</span> <span class='ocrx_word' id='word_1_225' title='bbox 776 3454 1026 3520; x_wconf 74' lang='lat' dir='ltr'>ctrcwmfereotiam</span> <span class='ocrx_word' id='word_1_226' title='bbox 1037 3471 1098 3511; x_wconf 79' lang='lat' dir='ltr'>coo-</span> 
     </span>
     <span class='ocr_line' id='line_1_37' title="bbox 78 3524 1029 3594; baseline 0.004 -16"><span class='ocrx_word' id='word_1_227' title='bbox 78 3525 181 3579; x_wconf 72' lang='lat' dir='ltr'>sc‘stecs</span> <span class='ocrx_word' id='word_1_228' title='bbox 197 3525 311 3580; x_wconf 79' lang='lat' dir='ltr'>eandem</span> <span class='ocrx_word' id='word_1_229' title='bbox 330 3525 416 3580; x_wconf 79' lang='lat' dir='ltr'>basim</span> <span class='ocrx_word' id='word_1_230' title='bbox 434 3524 541 3591; x_wconf 79' lang='lat' dir='ltr'>habeat,</span> <span class='ocrx_word' id='word_1_231' title='bbox 559 3524 675 3592; x_wconf 76' lang='lat' dir='ltr'>infertor</span> <span class='ocrx_word' id='word_1_232' title='bbox 693 3525 829 3594; x_wconf 74' lang='lat' dir='ltr'>superiori</span> <span class='ocrx_word' id='word_1_233' title='bbox 846 3525 950 3594; x_wconf 77' lang='lat' dir='ltr'>duplos</span> <span class='ocrx_word' id='word_1_234' title='bbox 967 3527 1029 3583; x_wconf 74' lang='lat' dir='ltr'>erit</span> 
     </span>
    </p>
   </div>
   <div class='ocr_carea' id='block_1_8' title="bbox 0 0 1162 3840">
    <p class='ocr_par' dir='ltr' id='par_1_15' title="bbox 0 0 1162 3840">
     <span class='ocr_line' id='line_1_38' title="bbox 0 0 1162 3840; baseline 0 2"><span class='ocrx_word' id='word_1_235' title='bbox 0 0 1162 3840; x_wconf 95' lang='lat' dir='ltr'> </span> 
     </span>
    </p>
   </div>
  </div>
 </body>
</html>
