2340 3834
97 113 163 178 336
384 113 550 168 ANARITII
569 111 826 168 COMMENTARII

98 283 167 341 dam
191 283 291 340 autem
312 283 411 357 ipsum
433 301 487 357 per
509 284 562 356 de,
589 283 668 358 quod
691 285 737 342 est
760 287 793 358 9,
821 284 960 359 provenit
984 302 1056 360 ergo
1077 302 1110 341 ex

99 371 243 429 divisione
269 371 302 428 5:
325 389 396 448 ergo
419 370 504 429 radix
528 372 547 429 5
572 374 617 429 est
639 371 719 430 linea
739 373 795 445 pb:
819 372 885 432 dico
903 372 1011 450 igitur,
1034 372 1109 447 quod

98 461 138 518 bb
161 461 206 517 est
227 459 393 518 binomium
414 460 553 534 primum,
576 460 655 535 quod
677 461 720 519 sic
742 460 893 536 probatur.
936 459 1016 530 Quia
1035 461 1109 519 enim

98 547 253 624 proportio
280 549 320 606 de
347 549 385 606 ad
413 567 447 609 cr
473 567 533 606 non
557 552 602 607 est
624 550 702 608 sicut
724 551 877 625 proportio
900 550 1019 608 numeri
1042 568 1109 624 qua-

72 637 179 695 sdrati
206 638 244 696 ad
271 656 427 696 numerum
455 638 646 712 quadratum,
674 641 705 697 θὴ
730 639 883 714 proportio
911 638 1053 714 quadrati
1075 641 1112 713 bg

99 726 138 784 ad
161 727 340 802 quadratum
360 728 403 800 gb
425 745 485 785 non
508 728 553 784 est
571 727 649 786 sicut
665 728 820 803 proportio
838 727 955 785 numeri
973 728 1111 803 quadrati

100 814 314 873 adnumerum
338 815 529 891 quadratum:
553 835 622 893 ergo
647 817 686 890 bg
709 817 876 892 seiungitur
895 817 939 890 gb
961 816 994 874 in
1018 817 1110 894 longi·

98 903 216 977 tudine,
244 904 294 962 sed
321 905 519 962 communicat
542 905 569 962 ei
592 905 623 961 in
645 905 790 980 potentia.
836 904 916 981 Ergo
941 906 995 980 by,
1016 907 1059 978 gb
1082 907 1111 962 in

98 994 234 1068 potentia
252 996 370 1051 tantum
389 995 459 1051 sunt
474 993 635 1051 rationales
650 996 681 1052 et
694 993 952 1068 communicantes,
970 993 1004 1051 in
1018 995 1111 1071 longi-

59 1099 86 1136 10
99 1082 203 1140 tudine
220 1101 290 1141 vero
309 1081 606 1140 incommunicantes:
630 1100 700 1159 ergo
719 1083 759 1141 bb
778 1085 823 1140 est
840 1082 1014 1141 binomium.
1056 1082 1113 1140 Sed

98 1172 253 1246 proportio
285 1173 324 1230 dc
356 1171 394 1228 ad
422 1189 456 1229 ez
483 1172 529 1228 est
556 1172 633 1229 sicut
658 1171 811 1247 proportio
840 1171 979 1247 quadrati
1009 1173 1047 1246 bg
1075 1172 1112 1229 ad

99 1259 280 1334 quadratum
300 1260 351 1334 gb,
375 1261 404 1317 et
427 1261 466 1318 de
489 1258 573 1316 addit
595 1278 687 1335 supra
708 1278 756 1320 ac:
780 1277 849 1336 ergo
873 1260 1056 1335 quadratum
1075 1262 1112 1334 bp

100 1347 183 1406 addit
215 1367 306 1423 supra
339 1348 520 1423 quadratum
549 1349 601 1421 pla
652 1348 698 1406 Sit
730 1367 800 1426 ergo
828 1351 1023 1425 augmentum
1051 1349 1112 1408 eius

99 1455 188 1512 super
214 1438 314 1512 ipsum
336 1436 515 1511 quadratum
537 1437 614 1495 linee
638 1441 661 1512 t,
689 1437 769 1512 quod
792 1440 837 1495 est
860 1439 894 1512 4,
922 1439 1006 1496 cuius
1029 1439 1112 1496 radix

61 1538 86 1579 15
101 1529 147 1584 θεὴ
170 1528 199 1584 2.
244 1524 317 1583 Cum
340 1544 410 1602 ergo
434 1525 666 1584 converterimus
688 1527 720 1583 in
741 1527 942 1601 proportione,
965 1527 1025 1584 erit
1046 1546 1112 1603 pro-

99 1614 197 1690 portio
220 1616 259 1672 ed
277 1614 315 1672 ad
333 1615 373 1673 dr
392 1614 468 1672 sicut
485 1616 640 1689 proportio
659 1615 798 1691 quadrati
818 1616 857 1688 by
876 1615 914 1672 ad
933 1616 1112 1690 quadratum

99 1707 117 1759 t.
162 1702 320 1776 Propertio
344 1705 446 1760 autem
469 1705 508 1761 ccl
531 1703 569 1760 ad
592 1705 632 1763 da
656 1707 700 1762 θεὴ
723 1705 800 1762 sicut
822 1704 976 1778 proportio
997 1706 1113 1762 numeri

99 1790 239 1865 quadrati
261 1790 299 1847 ad
320 1810 478 1848 numerum
497 1792 686 1865 quadratum,
709 1810 779 1868 ergo
797 1793 952 1867 proportio
971 1793 1113 1868 quadrati

100 1880 139 1952 bg
167 1880 205 1936 ad
233 1880 412 1955 quadratum
440 1884 450 1936 t
477 1882 522 1938 est
549 1881 626 1939 sicut
652 1881 805 1956 proportio
833 1882 948 1939 numeri
971 1882 1113 1957 quadrati

61 1983 88 2021 ro
102 1967 140 2025 ad
162 1987 318 2026 numerum
341 1968 528 2044 quadratum,
554 1988 624 2046 ergo
648 1971 688 2043 by
710 1969 908 2028 communicat
931 1975 942 2027 t
963 1970 996 2027 in
1017 1972 1112 2049 longi·

98 2057 211 2131 tudine,
237 2061 267 2115 et
290 2059 330 2131 by
351 2060 451 2133 potest
474 2076 565 2133 supra
585 2059 629 2131 gb
651 2077 718 2116 cum
741 2061 901 2135 augmento
925 2059 1068 2134 quadrati
1090 2064 1111 2117 t:

100 2165 170 2223 ergo
199 2148 238 2220 bg
265 2149 364 2222 potest
394 2165 483 2221 supra
509 2148 551 2221 gb
579 2165 646 2205 oum
673 2151 834 2223 augmento
862 2147 1004 2223 quadrati
1026 2149 1111 2220 linee,

98 2235 187 2293 lateri
215 2236 298 2293 cuius
326 2236 524 2294 communicat
551 2236 592 2308 by
617 2236 649 2292 in
677 2235 876 2313 longitudine,
904 2231 978 2314 <θὴ>
1005 2238 1045 2311 bg
1068 2240 1111 2296 est

99 2324 217 2400 longior
239 2325 339 2398 sectio,
362 2327 392 2382 et
414 2324 597 2398 superfluum
620 2323 760 2398 quadrati
778 2324 921 2401 longioris
940 2344 1031 2400 super
1049 2326 1110 2384 bre·

60 2424 86 2465 is
99 2413 212 2470 viorem
240 2415 285 2470 est
312 2415 346 2485 4,
376 2412 458 2471 ouius
487 2413 572 2471 radix
600 2415 645 2470 est
673 2414 706 2487 2,
734 2433 791 2488 que
820 2416 864 2471 est
891 2416 1111 2473 communicans

99 2500 176 2557 linee
199 2502 341 2558 rationali
364 2501 432 2560 date
455 2502 486 2558 in
509 2501 709 2578 longitudine:
733 2521 802 2578 ergo
824 2503 864 2559 bb
883 2506 929 2560 est
946 2502 1111 2562 binomium

99 2589 241 2662 primum3
270 2593 300 2646 et
321 2590 396 2646 illud
420 2592 472 2667 est,
497 2590 577 2665 quod
600 2590 801 2648 demonstrare
824 2591 980 2650 voluimus.

187 2678 389 2735 Binomium
412 2679 602 2736 secundum
625 2677 796 2737 invenire.

188 2766 301 2824 Ponam
328 2767 430 2842 itaque
457 2768 567 2824 lineam
593 2767 782 2842 rationalem,
816 2770 846 2826 et
873 2768 897 2826 si
925 2770 1109 2843 posuerimus

58 2868 86 2909 ao
100 2854 173 2912 duas
204 2856 312 2930 lineas,
343 2855 503 2914 secundum
536 2855 615 2930 quod
642 2856 714 2914 fecit
740 2856 912 2931 Eucnmns,
946 2861 1025 2917 esset
1050 2876 1109 2916 una

101 2963 201 3001 earum
224 2962 244 3002 a
266 2948 296 3002 et
319 2946 414 3003 altera
436 2945 516 3002 linea
539 2947 591 3017 bg3
620 2946 650 3002 et
671 2963 781 3020 ponam
804 2946 857 3019 bg,
880 2949 1027 3020 quantam
1049 2947 1108 3004 vol·

98 3051 170 3091 uero
199 3052 234 3090 ex
260 3034 403 3108 numeria,
432 3034 529 3108 sitque
558 3034 576 3090 5
606 3052 641 3091 ex
664 3035 807 3108 numeria,
835 3037 865 3091 et
888 3035 1014 3112 signabo
1038 3035 1106 3093 duos

99 3140 236 3180 numeros
259 3116 320 3198 <dc
343 3126 373 3180 et
396 3118 455 3200 da>
477 3123 601 3197 primoS,
625 3142 681 3196 que
705 3123 765 3180 sint
789 3126 807 3181 9
832 3125 861 3179 et
885 3125 914 3196 4,
939 3126 970 3182 et
992 3143 1105 3200 ponam,

100 3215 135 3270 ut
159 3212 198 3269 sit
220 3212 372 3286 proportio
396 3213 435 3270 dc
459 3211 496 3268 ad
520 3228 553 3270 cr
576 3211 652 3269 sicut
674 3212 827 3286 proportio
851 3212 994 3286 quadrati
1013 3214 1053 3270 bb
1071 3210 1104 3268 ad

59 3311 86 3352 as
100 3300 279 3376 quadratum
306 3301 357 3374 bp,
390 3299 469 3376 quod
496 3302 554 3373 θεὴ,
586 3301 620 3357 ut
646 3299 842 3374 multiplicem
871 3301 927 3374 25,
960 3301 1037 3376 quod
1063 3300 1104 3356 est

155 3496 201 3549 13.
221 3490 272 3548 Fit
292 3510 372 3566 ergo.
