2340 3834
101 109 167 173 202
393 107 557 162 ANARITII
574 106 830 163 COMMENTARII

101 297 259 336 numerum
275 295 300 352 a,
319 280 349 335 et
368 280 546 354 aggregetur
568 279 595 336 d.
634 276 692 336 Sed
710 297 850 336 numerus
864 296 884 336 o
897 277 1116 353 multiplicetur

101 367 133 424 in
153 385 186 442 9,
213 369 244 424 et
266 368 445 443 aggregetur
466 384 605 424 numerus
627 367 660 441 d,
684 385 754 443 ergo
778 366 982 441 superficialis,
1006 365 1060 442 qui
1081 365 1115 422 fit

102 475 138 513 ex
161 473 176 513 c
198 456 229 512 in
251 473 275 529 r,
299 454 414 530 equalis
434 457 479 512 est
496 454 683 530 superficiali,
707 454 759 530 qui
776 454 811 513 fit
830 474 866 514 ex
884 474 904 514 a
921 455 953 513 in
969 473 997 528 9.
1035 455 1114 531 Ergo

102 542 255 619 proportio
288 561 308 601 a
339 543 378 600 ad
410 561 424 602 c
456 546 501 601 est
531 543 608 601 sicut
639 543 791 619 proportio
822 562 840 604 c
866 545 905 602 ad
929 563 958 617 9.
1010 541 1069 601 Sed
1095 560 1114 600 a

72 635 240 690 onumerat
267 650 293 707 c,
321 651 391 709 ergo
418 650 557 690 numerus
582 650 599 692 r
625 635 762 690 numerat
786 651 814 706 9.
859 634 900 691 Et
923 633 987 691 dico
1013 630 1135 709 ctiam,

102 720 183 796 quod
214 739 354 779 numerus
379 739 397 781 c
427 739 486 778 non
519 723 564 778 est
591 720 704 796 equalis
730 720 784 778 uni
810 739 1002 779 numerorum
1029 739 1061 795 a,
1089 721 1114 794 b,

102 809 243 885 quoniam
261 809 322 868 iam
340 813 491 868 ostensum
510 813 555 867 est
574 829 609 867 ex
626 809 800 884 probatione
813 809 998 885 precedentis
1011 808 1111 886 figure,

102 899 192 973 quod,
217 917 284 956 cum
306 898 420 956 numeri
444 897 480 955 ab
504 917 562 956 uno
586 898 760 973 incipientes
783 898 943 957 secundum
965 896 1112 974 proporti-

103 981 189 1044 onem
216 1006 306 1045 unam
333 987 554 1061 continuantur,
585 989 658 1045 tunc
684 987 781 1046 minor
807 990 945 1045 numerat
971 985 1113 1049 maiorem

59 1091 88 1128 ro
102 1075 264 1134 secundum
296 1076 426 1151 aliquem
457 1094 646 1133 numerorum
676 1075 759 1134 illius
790 1075 999 1151 proportionis.
1054 1073 1110 1133 Sed

101 1182 241 1222 numerus
263 1183 279 1224 c
305 1183 365 1221 non
392 1166 528 1221 numerat
550 1165 570 1222 d
597 1163 654 1221 nisi
682 1183 750 1222 cum
773 1165 940 1240 quantitate
963 1166 1112 1222 unitatum

100 2130 239 2213 <numeri
258 2157 279 2214 c,
303 2135 353 2216 et>
375 2157 515 2197 numerus
534 2156 548 2197 e
570 2158 629 2198 non
653 2141 697 2196 est
721 2138 833 2213 equalis
856 2138 908 2194 uni
927 2157 962 2195 ex
980 2135 1111 2195 numeris

101 2244 133 2300 o,
157 2227 186 2300 b,
208 2247 239 2304 9,
268 2228 421 2305 quoniam,
447 2228 472 2286 si
494 2246 636 2285 numerus
658 2245 674 2286 a
697 2230 773 2286 esset
797 2227 911 2302 equalis
935 2225 988 2283 uni
1010 2244 1110 2282 nume-

100 2334 201 2373 rorum
223 2336 255 2392 o,
280 2319 308 2391 b,
330 2335 362 2391 9,
388 2319 464 2375 esset
485 2334 502 2375 c
524 2334 683 2374 numerans
706 2317 726 2374 d
748 2334 816 2374 oum
838 2334 897 2373 uno
921 2334 957 2372 ex
979 2313 1108 2373 numeris

59 2420 87 2460 15
103 2422 130 2477 a,
155 2405 184 2461 b:
218 2425 287 2482 ergo
319 2424 458 2464 numerus
485 2423 502 2464 c
528 2423 588 2462 non
615 2408 660 2462 est
687 2403 802 2479 equalis
830 2403 882 2461 uni
913 2422 949 2461 ex
981 2402 1108 2461 numeris

102 2510 133 2565 o,
162 2493 192 2566 b,
217 2511 245 2565 9.
295 2491 353 2550 Sed
384 2493 447 2567 ipse
475 2512 534 2551 non
561 2495 699 2551 numerat
726 2512 792 2550 eum
820 2511 886 2550 cum
912 2511 972 2550 uno
1003 2510 1107 2563 eorum,

101 2599 197 2654 neque
220 2584 357 2639 numerat
375 2580 473 2656 ipsum
491 2581 550 2639 nisi
568 2582 728 2640 secundum
745 2600 900 2639 numerum
919 2597 941 2654 e,
965 2581 1019 2655 qui
1037 2578 1110 2637 nulli

101 2687 293 2727 numerorum
320 2687 351 2743 a,
380 2671 409 2742 b,
434 2688 454 2742 9
482 2670 596 2746 equalis
626 2669 732 2729 existit.
778 2668 842 2727 Iam
866 2687 935 2745 ergo
959 2671 1108 2727 ostensum

102 2759 159 2832 est,
187 2757 268 2833 quod
294 2775 433 2816 numerus
455 2775 472 2816 a
498 2758 574 2816 nulli
601 2777 790 2816 numerorum
813 2777 845 2832 c,
868 2759 885 2815 b
915 2760 960 2816 est
989 2756 1108 2833 equalis.

57 2862 88 2902 no
104 2843 161 2903 Sed
184 2845 248 2921 ipse
266 2848 403 2903 numerat
420 2865 577 2903 numerum
593 2864 625 2919 9;
648 2849 783 2904 numeret
806 2850 875 2922 'ergo
894 2845 992 2920 ipsum
1012 2864 1109 2903 secun·

102 2934 174 2991 dum
193 2935 387 3009 equalitatem
407 2934 478 3009 eius,
497 2934 575 3009 quod
594 2936 687 2992 estin
705 2953 827 2993 numero
845 2935 865 2992 lo
883 2955 918 2992 er
937 2933 1108 2992 unitatibus.

100 3022 237 3080 Probabo
260 3023 376 3098 itaque,
400 3023 648 3098 quemadmodum
671 3023 804 3099 probavi,
827 3023 906 3098 quod
929 3040 1110 3081 numerusa

101 3114 239 3169 numerat
256 3131 412 3169 numerum
424 3129 448 3187 a,
468 3114 498 3170 et
516 3112 596 3187 quod
614 3130 754 3170 numerus
767 3113 786 3170 lc
804 3114 943 3169 numerat
956 3130 1110 3170 numerum

172 3267 259 3316 2-3.
277 3262 311 3316 fit
328 3278 362 3316 ex
380 3280 398 3333 9
416 3264 457 3329 est
475 3280 489 3318 e
506 3262 536 3316 in
554 3279 576 3317 a.
601 3295 637 3302 -
661 3268 684 3317 7.
703 3261 872 3332 precedenti.
896 3293 930 3300 -
955 3267 1068 3316 10-11.
1087 3259 1109 3313 si

100 3351 239 3388 numerus.
259 3364 292 3373 -
313 3339 424 3388 11-12.
442 3333 584 3388 unitatum
602 3335 645 3388 est
662 3349 792 3386 numerus
811 3350 832 3389 c.
853 3365 887 3372 -
907 3338 949 3386 22.
967 3330 1108 3386 Probatio.

99 3439 131 3445 —
151 3404 389 3473 quemadmodum
407 3403 547 3476 probatio.
576 3436 608 3445 -
638 3410 680 3457 23.
701 3420 846 3457 numerum
864 3420 891 3471 a,
920 3406 949 3457 et
967 3403 1044 3471 quod
1061 3420 1112 3456 nu·

80 3493 182 3531 merus
198 3493 221 3546 a,
244 3479 276 3533 et
293 3478 372 3548 quod
391 3495 527 3535 numerus
545 3479 573 3534 h.
