2340 3834
124 181 189 245 370
412 179 578 235 ANARITII
596 177 852 234 COMMENTARH

123 349 316 425 quadratum3
340 353 370 408 et
391 368 501 425 ponam
525 349 616 407 etiam
637 343 817 426 <numerum
838 342 999 426 tercium),
1023 349 1075 423 qui
1097 349 1136 407 sit

122 444 145 513 t,
173 440 256 497 cuius
283 439 437 514 proportio
465 436 503 496 ad
527 455 771 513 unumquemque
795 435 920 496 duorum
942 455 1136 496 numerorum

121 529 169 603 de,
188 545 226 586 ea
243 546 303 586 non
321 528 362 586 sit
380 528 457 585 sicut
473 527 628 602 proportio
642 527 757 584 numeri
774 525 913 600 quadrati
928 525 967 584 ad
980 545 1136 584 numerum

122 615 312 691 quadratum,
335 619 365 675 et
387 616 540 691 proportio
563 615 663 674 dead
686 619 697 672 t
719 616 759 674 sit
782 615 859 673 sicut
880 614 1037 690 proportio
1062 634 1135 690 qua-

95 704 201 763 bdrati
229 706 269 779 bp
296 704 333 763 ad
356 704 538 780 quadratum
561 722 589 779 6,
612 706 642 762 66
663 705 816 779 proportio
841 707 852 761 t
874 703 912 761 ad
936 721 972 762 ea
995 705 1036 763 sit
1058 704 1136 763 sicut

121 795 274 870 proportio
303 794 441 869 quadrati
469 812 488 852 c
516 792 553 851 ad
581 792 761 868 quadratum
780 793 831 866 qb.
877 791 958 868 Ergo
981 794 1136 868 proportio

121 883 161 940 de
189 882 225 940 ad
254 899 289 942 er
316 885 361 941 est
388 884 465 941 sicut
490 882 644 957 proportio
668 880 807 956 quadrati
830 882 870 954 by
892 880 930 938 ad
953 881 1137 956 quadratum

119 972 174 1045 pb:
203 989 274 1048 ergo
301 971 342 1029 bb
369 974 415 1030 est
439 969 596 1030 residuum.
641 970 683 1028 nt
705 971 745 1044 by
766 972 867 1046 potest
889 987 981 1045 supra
1001 971 1044 1044 qb
1067 988 1136 1029 cum

122 1063 281 1136 augmento
308 1060 461 1135 quadrati,
489 1060 571 1118 cuius
598 1059 686 1118 lateri
710 1061 749 1132 co
771 1059 803 1116 in
826 1058 1015 1135 longitudine
1037 1059 1135 1117 seiun-

81 1162 107 1200 10
120 1149 215 1225 gitur,
244 1151 273 1207 et
300 1166 478 1224 unaqueque
506 1149 632 1206 duarum
652 1148 800 1206 linearum
823 1149 873 1222 oq,
899 1149 943 1221 yle
966 1149 1139 1225 seiungitur

120 1237 197 1295 linee
216 1238 396 1296 orationali
414 1237 484 1296 date
501 1238 534 1294 in
552 1236 753 1314 longitudine:
773 1255 842 1312 ergo
862 1237 902 1294 bb
920 1238 966 1295 est
981 1235 1136 1294 residuum

120 1329 250 1399 sertum3
272 1320 325 1403 <et
346 1326 422 1384 illud
445 1329 498 1399 est,
522 1325 600 1401 quod
624 1325 825 1384 demonstrare
848 1325 1027 1401 voluimus).

208 1413 293 1473 Volo
312 1416 476 1474 invenire
495 1414 635 1473 radices
655 1414 945 1489 superficierum,
965 1432 1033 1488 que
1053 1433 1136 1474 con·

119 1502 285 1562 tinentur
317 1522 335 1561 a
366 1503 464 1583 linea
495 1503 673 1562 rationali
701 1505 735 1560 et
764 1503 806 1561 ab
833 1521 1050 1578 unoquoque
1080 1521 1138 1561 sex

82 1604 107 1643 1⁵
121 1591 356 1650 residuorum.

207 1681 293 1739 Hanc
311 1680 412 1755 itaque
431 1680 560 1758 figuram
576 1699 687 1757 ponam
706 1679 872 1755 exemplum
890 1678 1028 1737 additum
1045 1698 1136 1756 supra

118 1769 217 1844 illum,
248 1767 325 1844 quod
351 1769 383 1826 in
410 1769 565 1845 principiis
589 1768 878 1844 exemplificavimus.
925 1767 1031 1843 Sitque
1055 1769 1135 1826 linea

118 1857 275 1915 rationalis
294 1877 362 1933 una,
382 1859 523 1933 quatinus
541 1859 656 1915 numeri
674 1856 861 1915 manifestius
880 1857 1015 1915 sensibus
1035 1857 1131 1916 subia-

119 1947 243 2004 ciantur.
293 1946 393 2021 Ipsam
425 1966 542 2022 quoque
574 1946 752 2005 rationalem
783 1945 815 2002 in
844 1964 893 2003 sex
920 1945 1132 2022 superficiebus

78 2047 104 2086 2⁰
117 2053 228 2110 ponam
250 2037 390 2110 quatuor,
414 2035 573 2094 secundum
597 2035 676 2110 quod
698 2035 756 2092 feci
778 2035 810 2092 iu
833 2034 1044 2109 superficiebus
1067 2053 1130 2110 pre

119 2123 298 2182 cedentibus.
724 2137 746 2181 a
836 2144 838 2148 ⁸

207 2211 254 2270 Sit
281 2231 350 2289 ergo
377 2213 545 2288 superficies
569 2215 608 2286 bc
631 2207 812 2289 <contenta>
836 2231 854 2269 a
876 2212 957 2269 linea
979 2213 1130 2288 rationali,

117 2319 174 2376 que
202 2300 242 2359 sit
268 2303 322 2376 ab,
353 2305 382 2360 et
409 2301 525 2360 residuo
553 2303 664 2378 primo,
692 2319 749 2376 que
777 2299 816 2358 sit
845 2302 863 2358 6
893 2299 1004 2376 absque
1032 2301 1129 2359 radice

88 2386 96 2405 ⁸
118 2391 169 2463 32,
192 2388 270 2464 quod
295 2393 339 2448 est
361 2390 513 2464 lincaeo:
537 2390 602 2449 dico
620 2389 722 2466 igitur,
745 2388 824 2463 quod
842 2389 932 2463 linea,
955 2408 1013 2464 que
1032 2393 1130 2466 potest

77 2490 103 2529 25
118 2496 208 2552 supra
231 2479 283 2552 by,
307 2481 352 2536 est
374 2478 533 2554 residuum,
557 2479 669 2538 scilicet
692 2478 871 2552 absolutum,
895 2477 975 2552 quod
998 2479 1041 2536 sic
1063 2496 1128 2555 pro·

116 2566 211 2624 batur.
256 2567 378 2624 Faciam
401 2567 479 2625 enim
502 2570 536 2626 ut
558 2570 602 2627 ad
625 2566 665 2626 sit
689 2570 721 2641 6,
750 2568 780 2624 66
802 2561 885 2644 (dp)
907 2566 992 2623 radix
1017 2568 1072 2642 32,
1100 2569 1129 2625 et

117 2653 249 2713 dividam
273 2656 318 2728 qd
343 2657 375 2712 in
403 2655 462 2714 duo
490 2656 588 2715 media
616 2674 706 2730 supra
729 2672 756 2733 6,
785 2658 815 2714 66
838 2654 1000 2732 adiungam
1025 2655 1062 2714 ad
1086 2655 1128 2714 cd

117 2742 302 2818 superficiem
325 2744 460 2820 equalem
484 2749 589 2821 quarte
612 2744 751 2820 quadrati
775 2745 823 2818 cd,
847 2745 926 2819 quod
950 2745 994 2802 est
1020 2745 1049 2819 8,
1072 2763 1128 2820 que

116 2835 161 2890 est
189 2832 356 2906 superficies
384 2851 423 2892 cz
451 2833 482 2890 in
509 2835 550 2893 cd
577 2837 607 2893 et
633 2833 782 2890 minuetur
811 2851 846 2889 ex
873 2833 917 2890 cd
940 2833 1128 2907 quadratum,

77 2932 103 2973 66
117 2919 195 2996 quod
223 2924 280 2995 est,
307 2925 342 2979 ut
368 2922 563 2996 multiplicem
592 2924 609 2980 6
638 2922 670 2978 in
700 2923 732 2995 6,
761 2923 791 2978 66
816 2920 893 2978 fiunt
921 2922 976 2995 36,
1007 2940 1042 2979 ex
1070 2938 1126 2996 quo

114 3009 287 3067 minuantur
311 2998 366 3084 32,
390 3014 420 3068 66
441 3013 596 3070 remanent
618 3012 638 3067 4
662 3009 801 3068 unitates.
847 3008 960 3066 Deinde
984 3011 1128 3085 accipiam

115 3098 246 3157 radicem
269 3098 339 3173 eius,
363 3119 419 3174 que
444 3100 488 3157 est
512 3102 540 3173 2,
563 3117 654 3175 quam
676 3098 785 3156 addam
808 3117 897 3173 supra
922 3102 950 3172 6,
974 3103 1005 3157 66
1028 3098 1080 3157 fiet
1099 3098 1126 3172 8,

115 3188 198 3244 cuius
226 3186 371 3261 accipiam
393 3187 597 3263 medietatem,
626 3207 682 3263 que
706 3190 751 3246 est
775 3189 808 3262 4,
836 3189 866 3244 66
888 3187 964 3244 illud
988 3187 1046 3246 erit
1069 3205 1127 3246 una

115 3275 241 3333 duarum
269 3275 444 3351 sectionum,
476 3297 532 3351 que
561 3278 606 3335 est
634 3293 686 3350 aa,
714 3279 743 3333 66
770 3277 861 3334 sectio
890 3276 985 3334 altera
1014 3276 1071 3334 erit
1099 3277 1125 3349 2,

72 3374 100 3415 ³⁵
114 3383 171 3440 que
200 3367 244 3422 est
271 3365 324 3439 ad,
353 3367 382 3421 66
405 3365 556 3440 complebo
580 3364 808 3441 descriptionem
830 3364 931 3442 figure.
978 3364 1035 3422 Est
1058 3381 1126 3441 ergo

168 3564 213 3615 14.
243 3562 273 3616 et
295 3559 336 3616 ab
354 3556 553 3630 unoquoque}
570 3571 590 3608 a
602 3549 746 3609 binomia.
