2316 3840
101 159 144 224 ‘16
386 157 552 212 ANARITII
570 156 826 214 COMMENTARII

101 328 226 403 rectis,
249 330 354 386 erunt
371 326 550 404 trianguli
571 326 731 402 equales3
755 329 790 386 et
809 327 840 386 si
856 325 1011 385 minores
1030 325 1085 384 du<

101 418 165 476 bus
188 417 299 475 rectis
321 417 474 492 fuerint,
502 415 723 492 triangulus,
752 415 853 474 ouius
881 415 1033 494 angulus
1059 432 1085 472 11

102 506 230 579 maior,
275 505 346 563 erit
380 504 495 564 maior
531 505 649 562 altero
689 501 935 583 <tri>angu103
984 499 1039 581 (et
1084 528 1085 559 1

102 596 255 654 maiores
283 594 417 653 duobus
444 595 556 653 rectis
584 593 736 668 fuerint,
762 593 987 671 triangulus,
1013 592 1085 651 onir

75 683 253 762 aengulus
276 687 327 742 est
349 682 476 758 minor,
508 682 580 740 erit
601 681 716 741 maior
738 684 855 742 altero
877 677 1085 759 triangulo)

189 772 327 848 Exempli
363 790 453 831 eausa
485 771 545 831 sint
578 771 636 830 dno
664 772 768 849 anguli
796 773 868 846 bap,
897 772 959 830 eda
991 770 1085 830 duoru

102 861 321 940 triangulorum
353 862 431 936 uby,
463 862 538 936 dea,
570 860 624 936 qui
656 860 817 919 secundam
847 860 989 935 formam,
1026 877 1085 934 qua·

102 951 334 1025 nominavimus,
363 949 424 1009 sint
449 949 579 1026 primum
607 950 729 1024 equales
753 949 870 1009 duobus
892 948 996 1024 rectia,
1019 947 1085 1024 posi⁴

102 1043 216 1115 tamen,
241 1040 321 1115 quod
344 1040 473 1117 angulus
502 1040 567 1112 bap
588 1038 629 1096 sit
650 1038 754 1098 maior.
801 1037 990 1097 Constituam
1014 1037 1085 1112 itaqr

63 1141 89 1180 1⁰
104 1147 195 1204 supra
208 1131 354 1204 punotum
368 1130 388 1187 d
401 1128 478 1186 linee
493 1130 532 1186 de
546 1127 691 1204 angulum
701 1129 756 1187 ecit
765 1127 904 1202 equalem
917 1125 1030 1203 angulo
1045 1127 1085 1184 bo

103 1217 181 1276 siout
202 1218 395 1276 manifestum
418 1220 464 1275 est
486 1216 719 1291 exprobatione
744 1215 839 1292 figure
865 1216 928 1291 23⁰,
957 1216 989 1273 et
1009 1215 1085 1274 facia

105 2117 231 2176 transire
255 2136 345 2192 supra
366 2120 548 2193 punctuma
576 2117 687 2175 lineam
710 2116 943 2199 equidistantem
971 2118 1050 2176 lineo
1073 2119 1085 2178 α’

106 2226 163 2281 que
187 2205 227 2265 sit
247 2211 291 2281 at,
315 2205 393 2265 siout
415 2206 607 2264 manifestum
630 2209 675 2264 est
694 2225 729 2263 ex
746 2206 922 2281 probatione
940 2205 1037 2284 figure
1057 2209 1085 2266 3]

105 2297 135 2353 et
157 2296 330 2372 protraham
353 2300 396 2354 te:
420 2313 489 2371 ergo
514 2295 572 2354 duo
596 2293 700 2372 anguli
723 2295 799 2370 bap,
824 2296 879 2354 ecit
901 2299 972 2354 sunt
991 2297 1085 2372 equale

66 2395 91 2434 15
107 2382 165 2442 Sed
187 2403 241 2443 nos
263 2384 419 2460 posuimus
438 2384 513 2444 duos
537 2384 663 2460 angulos
687 2385 763 2459 bap,
788 2385 846 2443 eda
865 2384 986 2459 aquales
1005 2384 1085 2443 duob·

105 2473 206 2547 rectia,
236 2491 305 2549 ergo
335 2473 503 2533 coniunctio
532 2472 661 2532 duorum
687 2473 866 2550 angulorum
895 2474 964 2548 edi,
993 2475 1085 2533 adae

106 2561 222 2637 equalis
255 2559 370 2618 duobus
407 2561 503 2620 rectis.
562 2560 620 2619 sed
656 2561 824 2620 ooniunotio
861 2561 990 2621 duorum
1026 2580 1085 2640 ang

106 2650 204 2708 lorum
228 2650 290 2722 erit,
313 2651 369 2708 elta
392 2652 436 2708 est
459 2650 574 2726 equalis
593 2649 794 2709 coniunctioni
813 2649 939 2709 duorum
961 2653 1085 2710 reatorur

107 2738 186 2814 quod
213 2737 405 2796 manifestum
435 2741 480 2797 est
509 2738 669 2797 seeundum
701 2737 907 2814 probationem
935 2739 1031 2816 figure
1055 2741 1085 2799 al

67 2839 93 2878 2⁰
108 2826 250 2903 quoniam
277 2831 310 2886 at
336 2827 499 2902 equidistat
526 2829 572 2887 ed.
626 2826 658 2884 Si
690 2846 760 2903 ergo
794 2846 946 2888 removero
977 2828 1085 2906 angulu

107 2935 292 2974 communem
312 2918 373 2992 adt,
392 2916 557 2974 remanebit
572 2917 698 2992 angulus
714 2918 774 2976 eda
791 2917 905 2992 equalis
925 2918 1037 2994 angulo
1055 2918 1085 2977 dl

108 3007 138 3064 et
166 3004 238 3079 quia
264 3005 343 3062 linea
370 3009 403 3065 at
434 3004 597 3080 equidistat
627 3005 704 3062 linee
734 3006 786 3080 de,
820 3005 877 3064 erit
905 3007 1035 3083 angulus
1064 3006 1082 3064 d

108 3093 223 3168 equalis
246 3093 355 3170 angulo
380 3095 446 3153 eda.
493 3092 550 3151 Sed
578 3114 636 3169 que
665 3112 724 3151 una
746 3114 778 3152 re
802 3097 871 3152 sunt
901 3096 1033 3171 aqualia,
1062 3093 1085 3152 si

107 3182 233 3240 invicem
243 3185 313 3240 sunt
323 3183 451 3258 equalia
462 3202 532 3260 ergo
542 3183 670 3259 angulus
680 3185 737 3241 cita
747 3186 792 3241 est
801 3183 916 3258 equalis
926 3185 1038 3260 angulo
1052 3184 1085 3243 da

67 3283 93 3322 25
108 3289 177 3348 ergo
206 3271 287 3328 latus
317 3272 355 3330 ut
383 3274 429 3330 est
458 3272 564 3347 equale
591 3271 679 3330 lateri
707 3273 756 3331 da.
811 3270 869 3330 Sed
899 3271 980 3330 linea
1008 3275 1049 3333 da
1073 3291 1085 3328 e

108 3359 223 3435 equalis
254 3359 331 3417 linee
355 3378 408 3435 ap,
441 3363 471 3418 et
502 3361 581 3418 linea
604 3363 644 3419 de
676 3362 721 3418 est
752 3360 865 3436 equalis
897 3361 974 3420 linee
1004 3363 1059 3436 ab,

179 3535 220 3584 26.
241 3549 293 3603 ap,
312 3531 370 3586 sad.
