2316 3840
71 176 137 241 302
359 175 525 230 ANARITII
542 175 801 230 COMMENTARII

71 345 214 421 potentia.
259 344 343 403 Inter
365 345 542 403 rationalem
564 363 634 403 voro
658 348 688 402 et
711 343 836 403 surdum
859 363 918 404 non
941 346 985 404 θεὴ
1001 356 1102 402 coln·

70 434 246 492 municatio:
270 454 340 510 ergo
359 435 414 508 ab,
433 436 473 508 by
490 434 522 490 in
539 433 675 508 potentia
692 435 814 492 tantum
832 438 904 493 sunt
921 425 1100 493 rationales

70 518 143 599 <et>
170 523 429 582 communicantes.
480 520 520 580 Et
548 522 638 581 etiam
665 524 820 598 proportio
848 523 889 582 de
915 522 953 580 ad
980 540 1012 581 er
1049 515 1099 572 est
1150 554 1152 558 Α

71 612 149 669 sicut
170 612 324 687 proportio
349 611 487 686 quadrati
512 611 614 670 baad
638 610 819 686 quadratum
843 613 891 686 by.
933 610 991 669 Sed
1012 597 1100 684 (si)

44 701 316 776 sconvertenmus,
350 701 407 758 erit
437 699 590 775 proportio
622 701 663 758 de
689 699 728 758 ad
755 701 796 759 de
823 701 902 759 sicut
928 691 1102 776 proporissio

71 789 212 863 quadrati
236 791 277 848 be
300 789 339 847 ad
357 788 537 864 quadratum
555 807 609 864 eq,
629 791 659 846 et
676 788 830 864 proportio
849 790 890 849 nd
909 789 948 848 ad
965 790 1004 848 de
1020 795 1108 846 non

71 881 116 937 est
139 879 217 937 sieut
239 879 392 954 proportio
416 877 532 936 numeri
550 877 691 952 quadrati
714 877 753 936 ad
773 897 932 936 numerum
955 876 1113 954 quadra·

70 970 148 1025 tum:
168 986 238 1043 ergo
257 969 299 1026 ba
317 967 486 1043 seiungitur
504 984 545 1041 oy
562 966 595 1025 in
612 966 808 1043 longitudino.
846 965 904 1024 Sed
923 968 965 1026 ab
983 953 1118 1042 potest

70 1074 162 1131 supra
184 1057 224 1129 by
242 1055 404 1114 secundum
423 1057 616 1132 augmentum
635 1055 775 1130 quadrati
793 1073 848 1130 ey:
871 1074 943 1132 orgo
963 1057 1003 1115 ab
1021 1055 1121 1112 iam

12 1157 56 1196 ·10
69 1148 168 1219 potest
195 1163 287 1220 supra
310 1146 349 1219 by
372 1144 534 1204 secundum
559 1147 751 1220 augmentum
773 1144 915 1220 quadrati
936 1145 1014 1202 linae
1048 1137 1122 1195 in·

70 1233 314 1292 communicantis
347 1232 404 1292 sibi
435 1234 467 1290 in
498 1233 699 1310 longitudine,
732 1236 762 1292 et
793 1235 848 1308 ab,
877 1235 917 1307 by
949 1237 1018 1292 sunt
1071 1223 1122 1280 1¹]

69 1323 204 1397 potentia
230 1326 350 1380 tantum
375 1322 536 1381 rationales
560 1316 633 1399 <θὴ>
655 1322 919 1396 communicantem
948 1326 979 1380 et
1005 1304 1121 1379 illud

69 1416 126 1485 est,
150 1410 230 1486 quod
252 1412 454 1470 demonstrare
476 1410 635 1469 voluimus.

158 1497 330 1558 Octavum
353 1492 568 1579 decimum.¹)

28 1600 54 1640 15
158 1585 278 1646 Omnis
310 1587 526 1662 superficies
558 1590 728 1647 contenta
756 1607 773 1646 a
803 1587 942 1648 duabus
970 1580 1108 1647 lineis

68 1676 102 1733 in
134 1677 300 1751 potentia
331 1680 472 1735 tantum
498 1677 744 1735 rationalibus
771 1671 857 1754 <θὴ>
885 1668 1101 1737 communi·

67 1764 233 1823 cantibus
261 1768 315 1824 est
343 1764 451 1824 surda
479 1769 513 1824 et
535 1767 688 1824 vocatur
714 1764 895 1840 medialis3
924 1771 960 1825 et
982 1767 1095 1825 linea
1131 1814 1134 1819 ,

65 1856 193 1928 potens
221 1873 329 1929 supra
357 1874 432 1913 eam
459 1855 568 1913 etiam
596 1857 650 1913 θεὴ
677 1855 784 1913 surda
811 1858 846 1913 θὴ
869 1856 1091 1914 nominatur

65 1943 238 2002 medialis.

24 2046 51 2084 ao
154 2031 245 2089 Verbi
276 2033 374 2109 gratia
406 2033 446 2091 sit
478 2031 646 2107 superficies
680 2033 719 2106 by
746 2034 886 2091 contenta
914 2052 933 2092 a
960 2029 1084 2091 duabus

64 2117 150 2179 lineis
178 2122 210 2178 in
237 2122 372 2197 potentia
399 2124 518 2180 tantum
539 2119 738 2180 rationalibus
761 2115 834 2199 <θὴ>
858 2122 1084 2180 communicen·
1142 2117 1143 2121 ’

61 2209 153 2285 tibus,
173 2229 231 2286 que
250 2210 310 2269 siut
324 2212 366 2269 bn
381 2213 412 2268 et
425 2228 475 2284 oy,
494 2212 524 2268 et
542 2210 603 2269 sint
620 2208 705 2267 radix
723 2209 824 2268 docem
848 2213 878 2268 et
896 2211 981 2269 radix
995 2203 1084 2269 oo‘ffli

64 2297 129 2358 dieo
143 2301 246 2376 igitur,
260 2299 341 2375 quod
355 2297 525 2374 superficies
540 2300 579 2372 by
593 2302 639 2357 est
653 2297 743 2356 surda
757 2301 788 2356 et
801 2299 890 2374 linea,
905 2319 962 2374 quo
975 2283 1086 2375 potetl

64 2406 154 2462 supra
169 2408 241 2463 earn,
253 2391 297 2447 est
311 2387 401 2453 surda
415 2391 446 2446 et
459 2390 605 2446 vocantur
619 2386 788 2462 superficies
802 2387 940 2446 medialis
955 2385 1088 2447 etli11el

23 2487 50 2528 25
63 2476 207 2552 medialis,
231 2477 311 2552 quod
334 2477 376 2536 sio
399 2476 552 2552 probatur.
588 2475 709 2534 Faciam
732 2477 811 2533 enim
829 2494 922 2552 supra
941 2479 982 2536 ab
1001 2475 1091 2552 qut·

64 2564 183 2623 dratum
207 2567 260 2624 bd:
284 2585 354 2641 ergo
379 2567 421 2624 bd
444 2568 490 2624 est
506 2564 669 2624 rationalis.
708 2563 765 2623 Sed
783 2566 825 2624 bu
843 2543 1097 2649 incommuniqtl

64 2670 105 2725 ap
128 2654 159 2709 in
181 2654 377 2730 longitudine,
401 2657 430 2713 et
453 2655 495 2712 bn
518 2656 563 2712 est
586 2653 699 2728 equalis
722 2655 779 2728 ad,
804 2672 873 2730 crgo
899 2657 944 2714 ed
967 2658 1011 2713 est
1045 2649 1100 2699 'n'

63 2743 282 2800 oommunioans
311 2761 352 2816 ny
379 2743 411 2800 in
438 2740 632 2819 longitudine.
683 2741 740 2800 Sed
767 2742 936 2817 superficies
964 2745 1005 2802 bd
1042 2734 1106 2788 ge·

63 2829 198 2906 iungitur
220 2831 384 2906 superficiei
409 2833 461 2906 bn,
490 2835 519 2889 et
542 2833 583 2890 bd
606 2832 651 2888 est
672 2831 841 2890 rationalis:
870 2850 942 2910 ergo
967 2834 1006 2906 by
1041 2803 1112 2872 el

23 2931 49 2971 so
63 2917 165 2992 surda,
194 2922 223 2975 et
245 2924 351 2994 potens
379 2938 469 2995 supra
497 2939 561 2978 eam
590 2923 635 2978 est
662 2914 802 2997 <surda>‚
831 2939 901 2997 ergo
929 2904 1117 2980 vocanvl'

62 3031 179 3038 ...ψ-

133 3092 173 3141 30.
194 3088 251 3141 Pro
270 3087 354 3140 surda
372 3089 537 3143 insecundo
556 3090 612 3144 loco
631 3088 757 3158 Mscptm.
777 3089 907 3143 nonnam
924 3091 1009 3145 babet.

133 3266 158 3335 1)
185 3264 321 3317 Euenrnas
344 3265 381 3333 X,
403 3271 436 3319 18
464 3265 615 3335 (cinarus
633 3266 676 3335 X,
697 3271 743 3334 193
770 3264 939 3320 Humerorus
957 3267 994 3335 X,
1013 3231 1132 3349 25¹)ss

62 3337 156 3391 Omnis
173 3337 336 3405 superficies,
355 3353 437 3404 quern
455 3339 594 3392 continent
611 3339 663 3391 due
682 3337 750 3391 b'nee
764 3339 951 3405 nuntianter
964 3317 1119 3393 tandi

58 3409 208 3462 rationales
234 3409 462 3462 communicantes
485 3414 522 3462 cst
544 3409 717 3464 inrationalis
739 3409 892 3478 diciturque
919 3381 1132 3478 supnfiesp

55 3481 190 3547 medentia,
209 3480 318 3549 eiusque
332 3480 404 3534 laten
422 3481 626 3549 tetragonicum,
644 3480 745 3534 scilicet
762 3480 835 3549 quod
853 3482 885 3534 in
903 3497 962 3536 can
974 3468 1099 3550 pons
1120 3479 1128 3506 ²

42 3557 86 3606 eet
102 3553 279 3624 ciratebneie,
299 3553 458 3624 diciturque
477 3552 553 3607 tineo
570 3551 704 3606 nudiulis.
