2340 3834
313 169 363 224 AD
382 169 566 225 EUCLIDEM
584 170 650 225 LIB.
665 171 698 225 V.
948 172 1012 236 163

75 336 147 398 Non<
161 340 240 414 vult,
269 342 305 397 ut
328 339 454 398 essentie
476 339 689 415 multiplicium
712 338 773 397 sint
795 341 936 398 addentes
960 344 1014 398 eut

30 432 148 494 quantes
171 431 226 487 aut
248 427 424 501 minuentes,
443 428 495 487 sed
517 431 583 487 tota
606 428 769 504 quantitas
793 449 850 504 que
875 433 920 488 est
937 430 1014 487 mul·

30 506 98 582 lplex
120 517 221 593 prime,
244 517 270 574 si
292 517 385 575 fuerit
407 516 551 592 minuens,
575 518 631 576 erit
653 517 803 593 minuens3
827 522 857 577 et
880 519 905 576 si
922 518 1016 576 fuerit

30 604 120 670 malis
142 607 177 681 ei,
202 605 260 663 erit
282 605 397 680 equalis
421 607 460 674 ei3
485 609 515 664 et
538 607 612 681 vult,
632 610 668 663 ut
685 607 763 665 vices
783 607 936 684 augmenti
955 607 1014 665 sint

30 692 125 758 tuales
148 714 271 753 numero
294 695 452 770 communi,
477 694 529 770 qui
546 698 699 752 mensurat
717 695 845 770 primam
864 699 894 754 et
912 715 1013 754 secun-
1042 710 1055 749 5

30 791 74 853 ln,
106 787 134 841 et
151 783 276 842 terciam
295 786 325 841 et
344 787 491 859 quartam,
516 783 596 859 quod
614 787 686 842 tunc
704 778 811 862 <erit>,
833 785 1015 859 cumprime

30 872 203 930 mmunicat
220 872 356 947 secunde,
376 873 517 931 sitarcia
536 875 650 947 quarte.
688 870 773 940 Quod
791 873 817 930 si
829 893 889 931 non
902 874 1016 931 fuerint

30 961 265 1035 ammianus,
288 961 339 1018 sed
361 961 654 1036 incommunicanteS,
678 961 734 1018 erit
756 981 897 1020 numerus
921 981 1013 1037 quan-

30 1044 141 1125 ttum,
170 1069 228 1124 quo
254 1052 429 1107 mensurant
450 1050 630 1125 multiplicia
652 1049 745 1124 prime
768 1050 947 1125 multiplicia
970 1070 1013 1109 se·

30 1130 109 1212 lde,
124 1138 238 1212 equalis
253 1132 646 1217 numero<quantitatum>,
661 1157 719 1213 quo
733 1139 910 1213 multiplicia
923 1140 1014 1199 tercie
1029 1155 1055 1194 ro

30 1218 171 1285 liuntur
188 1227 367 1302 multiplicia
385 1229 503 1301 quarte,
523 1231 553 1286 et
572 1227 629 1286 erit
644 1246 785 1285 numerus
800 1228 1014 1302 quantitatum,

30 1323 40 1359 ⁸
77 1315 274 1391 superfluitas
293 1316 418 1374 secunde
436 1319 588 1374 mensuret
605 1316 741 1391 primam,
760 1317 874 1391 equalis
893 1335 1014 1374 numero

30 1403 222 1479 intratum,
256 1424 313 1478 quo
346 1405 534 1480 superfluitas
567 1408 673 1480 quarte
700 1410 852 1463 mensurat
878 1405 1013 1478 terciam,

30 1477 64 1552 >
110 1493 188 1567 quod
220 1493 278 1551 erit
308 1512 449 1551 numerus
483 1494 699 1569 quantitatum,
733 1512 792 1569 quo
824 1495 1014 1568 superfluitas

30 1589 100 1638 sne
134 1582 258 1640 metitur
292 1583 419 1640 secunde
460 1582 706 1657 superfluitatem,
744 1583 857 1658 equalis
893 1597 1054 1642 numero15

30 1670 218 1745 initurum,
243 1689 302 1745 quo
321 1670 511 1746 superfluitas
529 1671 620 1729 tercie
639 1672 763 1730 met'tur
781 1673 1015 1746 superfluitatem

30 1754 166 1837 laria>3
200 1762 231 1816 et
250 1759 317 1818 ¹hoc
348 1779 408 1818 non
438 1760 639 1818 removebitur
670 1779 763 1835 usque
795 1761 826 1817 in
858 1761 1014 1820 infinitum.

30 1852 110 1913 que
132 1848 291 1907 Eucnmns
314 1849 411 1907 voluit
433 1848 576 1908 nisihoc.
618 1848 734 1924 Siquis
754 1849 868 1908 dederit
887 1870 1014 1926 operam,

53 1945 153 2011 Supra
175 1937 230 1994 hoc
255 1940 284 1994 et
302 1955 391 2012 supra
410 1938 469 1995 alia
488 1937 610 1995 inducat
627 1937 825 2014 probationes,
849 1958 902 2012 pro
921 1940 1014 1997 nihilo

30 2024 160 2100 *orabit
184 2025 325 2100 quoniam
349 2027 497 2101 oportebit
515 2046 583 2084 eum
602 2027 704 2084 efferre
723 2027 796 2084 alias
815 2027 934 2105 figuras,
958 2049 1014 2103 que
1029 2043 1054 2081 m

30 2115 181 2196 quinem
206 2117 235 2172 et
259 2114 284 2171 si
307 2114 468 2172 secundum
490 2115 647 2174 veritatem
670 2135 723 2190 pro
743 2118 824 2173 certa
842 2116 905 2174 vice
925 2117 959 2174 de
980 2135 1013 2174 eo

30 2205 107 2277 arei,
135 2202 214 2277 quod
241 2221 301 2260 non
329 2205 374 2261 est
397 2203 438 2262 eis
461 2205 671 2278 necessarium,
695 2206 729 2260 ut
751 2203 893 2278 probetur
916 2205 1013 2278 etiam,

30 2289 86 2347 uod
115 2292 153 2349 ad
179 2292 257 2349 hunc
287 2280 460 2366 pervenient
486 2294 591 2351 locum.
642 2291 763 2366 Quaque
796 2292 874 2350 enim
900 2311 953 2367 per
982 2311 1013 2351 se

30 2371 96 2438 tabet
117 2381 263 2438 elementa
286 2381 448 2438 secundum
472 2381 604 2440 ordinem
626 2381 681 2438 sui.

74 2468 155 2526 Dixit
175 2469 356 2527 ,Euonmasz
385 2471 577 2544 Quantitates,
606 2487 660 2542 que
686 2471 808 2527 suntin
824 2473 1051 2544 proportionem

30 2568 76 2634 ma,
93 2560 282 2616 nominantur
294 2560 534 2631 proportionales.
554 2591 596 2600 —
614 2559 658 2616 Et
673 2561 700 2616 si
717 2559 828 2629 suerint
841 2561 1013 2633 multiplicia

30 2645 111 2704 nalem
136 2648 246 2704 uicibus
273 2652 402 2720 accepta,
430 2649 536 2706 scilicet
561 2648 733 2721 multiplicia
756 2650 853 2721 prime
876 2650 1013 2708 adalemm

30 2753 92 2810 uper
113 2736 286 2807 multiplicia
307 2737 438 2803 secunde,
462 2738 513 2795 secl
533 2738 705 2810 multiplicia
727 2739 810 2795 tercie
827 2755 886 2795 non
903 2739 1014 2810 fuerint

30 2825 143 2884 latentia
170 2841 258 2896 super
284 2825 456 2897 multiplicia
479 2830 596 2898 quarta·
623 2826 723 2883 dicunt
744 2829 823 2893 tunc,
849 2829 925 2898 quad
941 2844 1012 2900 pro·

30 2915 95 2972 irtio
118 2914 215 2985 prime
242 2913 282 2970 ad
306 2914 462 2970 secmirlam
486 2918 527 2972 est
547 2917 642 2973 maior
658 2916 845 2987 proportione
867 2918 951 2973 tercie
973 2917 1013 2974 acl
1026 2929 1051 2968 ea

30 3005 149 3061 cartam.
179 3033 220 3040 —-
247 3001 290 3058 Et
312 3004 572 3074 proportionalitas
599 3004 639 3061 acl
664 3005 761 3061 minus
790 3005 844 3062 erit
864 2999 898 3061 in
920 3006 1012 3063 tribus

30 3093 141 3149 ruanis.
167 3122 207 3129 —
231 3090 359 3147 Etcum
382 3091 493 3161 suerint
510 3095 567 3149 tres
585 3094 758 3164 quantitates
770 3095 1011 3165 proportionales,
1089 3114 1095 3209 q

30 3184 56 3240 it
79 3180 231 3253 proportio
248 3181 345 3251 prime
368 3180 408 3237 acl
431 3182 548 3238 tercium
564 3183 714 3253 proportio
731 3183 828 3253 prime
851 3182 890 3238 acl
912 3200 1011 3240 secuu-

30 3288 70 3328 im
94 3269 244 3340 duplicata
267 3284 331 3325 cum
353 3269 509 3326 iteratione.

55 3479 98 3526 ⁸2.
118 3473 210 3525 totam
228 3470 424 3538 quantitatem.
449 3504 481 3511 —
511 3478 534 3527 6.
559 3474 588 3527 et
605 3472 702 3529 tercie.
726 3507 760 3513 —
788 3480 835 3529 ii.
853 3475 968 3542 equale„
985 3504 1019 3512 -

30 3581 39 3599 „
57 3559 114 3612 per
128 3543 174 3610 se]
186 3557 228 3610 ps.
249 3573 283 3583 —
303 3548 343 3597 29.
362 3542 508 3614 probatio.

832 3634 890 3689 n*
