2340 3834
101 162 166 228 170
387 161 552 216 ΑΝΑΕΙΤΙΙ
570 160 827 217 COMMENTARII

98 351 156 407 que
179 330 357 406 multiplicia
379 331 499 406 fuerint,
524 331 562 389 ad
584 331 791 407 probationem
813 331 919 390 modus
942 329 1098 389 hic·neces

98 420 194 479 sarius
219 421 283 479 erit.

188 510 233 567 De
270 509 423 569 secunda
458 501 621 587 figural)
676 508 712 566 In
744 508 799 566 hac
830 507 927 585 figura
958 506 1036 565 nihil
1067 525 1098 566 es·

100 598 220 658 omnino
243 597 301 657 nisi
324 598 395 659 ordo
417 597 650 673 disciplinarum,
675 616 801 672 quarum
818 596 916 672 prima
934 595 1098 665 erismetice

70 699 157 762 eque
186 691 231 746 est
258 687 294 745 de
321 687 463 762 numeris,
490 687 561 763 post
585 704 676 762 quam
698 689 743 744 est
766 684 939 763 geometria.
984 684 1098 761 Propte:

99 776 155 834 hoc
178 795 248 853 ergo
270 775 382 852 primas
401 775 602 851 disciplinales
621 775 805 835 demonstrat
823 773 1013 850 necessarias,
1037 792 1098 849 qua

118 947 267 999 lab
521 963 650 1014 99

127 1016 263 1053 Ι-Ι-Ι
272 1017 329 1053 -“1
344 1015 530 1054 *ἱ--Ἰ
605 1015 685 1051 t--l

67 1183 70 1191 ‚
121 1129 133 1176 t
381 1140 394 1177 9
895 1123 914 1175 d
1043 1137 1058 1176 9

127 1194 169 1230 ι--
185 1209 201 1213 --
215 1192 903 1231 *t———t--l—-t—-tsst
970 1191 1098 1228 t----——t

99 1326 131 1384 in
154 1327 209 1385 hac
233 1326 366 1386 doctrina
389 1324 580 1383 inveniemus.
627 1325 672 1382 Ex
695 1324 802 1399 quibus
825 1327 882 1400 est,
912 1326 1005 1400 quod,
1031 1327 1096 1400 post

101 1435 191 1491 quam
213 1415 274 1473 iam
297 1413 443 1489 scivimus,
468 1414 547 1489 quod
569 1415 613 1472 ab
636 1415 809 1487 numeratp
832 1414 993 1472 secundum
1010 1432 1096 1471 nume

99 1504 247 1563 rationem
273 1503 395 1576 vicium,
424 1521 491 1561 eum
516 1502 598 1561 cuius
622 1501 786 1578 equalitate
808 1504 849 1561 dc
871 1505 1008 1561 numerat
1029 1520 1059 1576 9,
1081 1521 1098 1559 9

57 1605 86 1644 1⁰
100 1593 191 1652 etiam
210 1593 250 1650 bia
267 1594 404 1649 numerat
419 1611 440 1666 9
457 1591 661 1650 numeratione
680 1590 849 1666 aliquarum
866 1591 986 1666 vicium,
1003 1585 1098 1668 (cum)

101 1682 183 1740 cuius
214 1679 429 1739 numerationis
462 1681 626 1756 equalitate
653 1685 683 1739 99
709 1682 897 1755 numerata,
926 1700 996 1757 ergo
1024 1680 1098 1738 vices

99 1770 132 1826 in
155 1769 260 1844 quibus
284 1771 325 1828 ab
348 1773 485 1829 numerat
505 1789 525 1843 9
548 1772 578 1827 et
601 1770 640 1827 bia
663 1771 800 1827 numerat
820 1788 853 1843 9,
881 1772 968 1828 erunt
992 1769 1098 1844 equale

100 1857 303 1917 numeratione
322 1858 441 1932 vicium,
463 1859 569 1933 quibus
587 1860 816 1917 denumerata
834 1860 864 1915 et
883 1863 913 1916 99
930 1860 1071 1916 numeret
1086 1876 1098 1916 9

101 1946 168 2004 Erit
191 1965 260 2024 ergo
284 1947 449 2005 numeratio
472 1947 687 2022 multiplicium
709 1947 752 2005 ala
775 1946 888 2021 equalis
907 1946 1098 2006 numeratae

59 2049 86 2089 1⁵
100 2035 312 2110 multiplicium
334 2038 380 2110 clt3
405 2037 436 2094 et
456 2035 533 2094 illud
556 2039 609 2111 est,
632 2035 712 2110 quod
734 2036 937 2094 demonstrare
955 2035 1098 2094 voluimus

106 2161 108 2166 ·
188 2124 234 2181 De
265 2125 386 2202 figura
415 2128 545 2200 quarta
572 2115 749 2204 decima.²)
799 2123 895 2183 Locus
918 2124 1005 2182 huius
1027 2125 1097 2202 igno

100 2205 229 2294 ratur3),
270 2214 424 2289 quoniam,
459 2213 484 2271 si
516 2216 532 2272 b
568 2214 660 2272 fuerit
695 2213 792 2270 minor
824 2231 856 2288 a,
898 2232 968 2290 ergo
998 2232 1018 2287 9
1055 2213 1097 2271 eri

99 2302 334 2378 propinquiori)
363 2322 452 2378 quam
474 2322 502 2361 a.
548 2301 622 2360 (lum
648 2321 718 2380 ergo
740 2301 832 2359 fuerit
853 2301 1008 2377 proportio
1032 2320 1052 2360 a
1074 2319 1098 2359 a«

171 2459 195 2508 3.
219 2453 252 2506 In
271 2471 303 2508 aa
321 2454 418 2524 figura.
438 2487 471 2495 —
497 2461 538 2508 11.
558 2452 750 2522 equalitatem.
769 2486 804 2494 -
829 2458 869 2507 13.
889 2456 1058 2507 numerator.
1077 2484 1098 2492 -

101 2529 143 2578 16.
162 2523 302 2593 ignorant.

174 2688 200 2754 1)
218 2685 353 2738 Eacnmns
367 2685 400 2753 V,
416 2691 444 2739 2:
467 2685 498 2738 st
510 2686 616 2751 fuerint
628 2701 675 2738 sea
692 2685 866 2754 quantitates,
884 2701 1004 2753 9999999
1016 2687 1098 2753 prinu

99 2758 139 2810 ad
161 2759 307 2810 9999999999
329 2763 408 2824 99999
426 2758 510 2810 tercia
532 2757 569 2809 aci
587 2763 713 2824 99999999
735 2773 799 2825 9999
816 2757 992 2823 multiplices,
1014 2755 1098 2824 quint

100 2844 162 2881 cero
176 2830 213 2882 ad
226 2829 371 2881 sermidam
388 2834 469 2895 atque
482 2832 558 2880 secta
572 2827 610 2880 ad
622 2834 749 2895 99999999
762 2844 826 2896 9999
839 2827 1010 2894 multiplices,
1027 2833 1098 2881 99999

95 2900 187 2967 prime
205 2904 230 2953 99
248 2899 340 2967 999999
358 2899 396 2951 ad
413 2900 574 2962 ecclesalam,
591 2903 727 2966 totamque
745 2899 824 2952 tercie
841 2903 866 2952 99
883 2904 955 2952 secte
974 2899 1012 2951 ad
1029 2913 1098 2966 quar

100 2977 157 3024 tam
175 2985 240 3038 eque
257 2969 422 3036 multiplicia
439 2985 493 3022 esse
510 2969 655 3022 eoaceaiet.

173 3045 200 3109 2)
227 3039 363 3094 Encnmss
381 3039 415 3107 V,
440 3045 484 3093 14:
523 3039 555 3093 Si
579 3040 685 3106 9999999
711 3046 829 3109 9999999
855 3041 1022 3108 quantitates
1045 3054 1098 3108 pro

96 3112 278 3180 portionalis,
295 3111 432 3179 fueritque
449 3111 538 3164 maior
552 3112 646 3179 prima
663 3113 756 3177 tertia,
776 3127 879 3164 accessa
897 3117 948 3176 eet,
965 3111 1098 3165 99999999

102 3190 202 3251 quarta
215 3199 268 3236 esse
281 3183 410 3235 maiorem
414 3203 425 3248 ;
444 3182 516 3250 qaod
528 3184 554 3236 si
566 3183 666 3248 99999,
683 3188 708 3236 99
721 3183 867 3248 99999999
885 3183 910 3235 si
922 3197 985 3236 acro
999 3181 1098 3250 equalis

101 3261 127 3308 99
144 3255 264 3322 equalem
282 3269 344 3307 cese.

174 3326 201 3393 3)
230 3323 304 3388 Quid
329 3323 418 3377 velint
440 3323 539 3379 verba:
571 3324 680 3391 „Locus
701 3324 784 3377 haias
807 3325 979 3393 tpaoratar‘,
1006 3321 1098 3378 nescio

102 3396 232 3450 Fortasse
255 3394 393 3464 interpres
416 3394 478 3449 vult
499 3394 636 3465 intelligi,
660 3411 689 3448 se
712 3393 805 3464 ipsum
827 3393 947 3462 nescire,
967 3393 1014 3448 cui
1032 3393 1096 3448 theo

100 3466 204 3520 remoti
227 3465 413 3520 adscribenda
436 3466 505 3535 sint,
528 3482 600 3534 quae
624 3466 772 3520 adduntur.
810 3465 914 3519 Textus
938 3480 1049 3534 quoque
1069 3479 1096 3518 se

90 3553 184 3604 quens
202 3537 306 3594 scholii
326 3541 408 3596 textu
427 3537 630 3611 propositionis
646 3536 723 3590 male
740 3536 878 3604 eonqm'it.
