2340 3834
107 171 173 236 378
396 171 561 226 ANARITII
578 169 836 226 COMbOENTARII

105 340 260 400 rationale.
306 340 386 418 Ergo
414 357 452 414 sq
479 343 524 399 est
550 340 660 416 minor,
687 342 806 417 etipsa
828 342 930 417 potest
952 358 1046 416 snpra
1069 339 1120 412 b93

107 433 137 489 et
159 430 237 488 illud
260 432 313 504 est,
336 428 417 505 qnod
440 428 642 488 demonstrare
665 430 824 490 voluimus.

194 518 305 577 Linea
331 520 459 594 potens
487 537 596 595 supra
623 537 757 579 omnem
780 519 1015 595 superficiem
1037 537 1117 577 con-

104 610 241 666 tentam
273 626 292 666 a
322 607 419 666 linea
449 608 627 668 rationali
660 611 694 667 et
725 607 870 667 residuo
903 607 1033 684 quinto
1065 609 1118 666 est

78 695 334 756 aeoniunetum
352 715 429 755 oum
446 697 623 756 rationali
641 697 781 756 faciens
794 700 910 757 totum
924 688 1116 776 mediale.¹)

193 785 284 844 Verbi
306 787 405 864 gratia
427 785 467 844 sit
489 785 656 862 superficies
676 788 715 860 by
733 789 872 846 contenta
891 806 909 845 a
927 786 1009 844 linea
1027 785 1116 844 ratio-

104 875 180 949 nali,
208 894 265 950 que
294 877 339 934 est
366 876 421 949 ab,
448 877 479 933 et
504 874 622 933 residuo
650 876 769 952 quinto,
798 875 877 951 quod
900 877 946 934 est
968 893 1024 949 ay:
1053 874 1115 933 dioo

103 963 208 1040 igitur,
237 963 317 1039 quod
343 963 423 1022 linea
450 966 555 1039 potens
583 982 675 1039 supra
703 966 743 1039 by
766 967 811 1023 est
833 965 1026 1024 coniunotum
1048 983 1115 1022 eum

103 1052 245 1112 rationali
266 1053 378 1110 faciens
400 1055 500 1112 totum
521 1052 656 1128 mediale,
679 1052 759 1128 quod
781 1054 827 1112 ita
849 1053 1002 1130 probatur.
1048 1051 1114 1110 Rei·

64 1141 206 1201 1⁰terabo
233 1142 312 1199 enim
339 1141 413 1200 duas
441 1141 609 1217 superficies
632 1161 700 1200 oum
722 1143 801 1201 notis
825 1143 896 1201 suis.
943 1140 991 1200 Sit
1014 1142 1113 1216 itaque

104 1231 148 1290 ad
169 1230 254 1289 radix
278 1233 334 1305 12,
362 1233 392 1289 et
411 1232 456 1305 qd
480 1233 512 1304 2,
536 1233 566 1289 et
589 1249 629 1290 aa
651 1232 691 1290 sit
713 1231 799 1289 radix
822 1233 841 1290 3
866 1234 896 1290 et
918 1231 1004 1290 radix
1029 1234 1061 1305 2,
1085 1233 1113 1289 ot

101 2260 269 2337 superficies
297 2266 333 2320 at
359 2260 401 2322 sit
424 2260 509 2320 radix
535 2260 577 2317 48
591 2263 636 2320 ‚et
661 2258 746 2318 radix
770 2259 826 2333 32,
854 2261 885 2317 et
906 2258 987 2317 linea
1010 2260 1051 2319 da
1072 2260 1108 2318 sit

99 2349 185 2409 radix
213 2351 231 2408 3
261 2349 370 2426 absque
397 2349 496 2409 radico
525 2351 558 2424 2,
585 2352 616 2407 et
642 2347 809 2424 superficies
837 2349 872 2407 td
899 2348 939 2406 sit
960 2347 1046 2406 radix
1069 2349 1106 2407 48

100 2438 247 2499 diminuta
281 2439 380 2497 radico
413 2440 463 2497 32.
512 2437 697 2514 Unaqneque
728 2437 821 2513 igitur
853 2437 980 2494 duarum
1012 2456 1106 2513 super-

60 2535 87 2577 1⁶
99 2526 232 2587 fieierurn
251 2528 303 2602 yb,
324 2529 368 2586 bd
391 2530 436 2586 est
459 2529 488 2603 4,
512 2530 542 2586 et
563 2526 660 2586 tocius
683 2525 847 2601 superficiei
871 2544 940 2584 area
963 2529 1010 2585 est
1027 2526 1105 2584 radix

100 2616 142 2676 92
166 2619 197 2675 et
218 2610 310 2694 <area
333 2615 472 2691 quadrati
495 2610 560 2693 est>
584 2617 612 2691 8,
636 2617 667 2673 et
688 2632 867 2690 unaqueque
891 2615 1020 2672 duarum
1038 2616 1104 2673 line·

98 2716 187 2763 arum'
209 2722 262 2781 ρο,
290 2706 329 2765 ed
350 2707 397 2765 est
418 2724 524 2780 unum,
552 2708 582 2764 et
605 2722 675 2763 area
698 2703 838 2778 quadrati
860 2697 934 2781 <ab
958 2707 1004 2763 est
1026 2703 1105 2762 radix

98 2792 142 2853 48
161 2795 192 2853 et
209 2792 294 2853 radix
313 2796 363 2853 32.
404 2792 621 2853 Demonstrabo
638 2792 742 2870 igitur,
759 2795 795 2850 ut
814 2791 930 2851 ostendi
943 2792 1035 2867 inea,
1053 2811 1103 2869 que

97 2878 196 2961 ipsam
221 2880 365 2959 precedit,
396 2882 476 2960 quod
502 2900 540 2957 sq
567 2885 612 2941 est
638 2884 744 2958 potens
772 2899 864 2957 supra
891 2882 944 2956 by,
972 2884 1003 2940 et
1031 2878 1104 2958 quod

86 2974 151 3047 2,
174 2970 218 3045 kq
241 2970 433 3047 inpotentia
455 2974 527 3030 aunt
548 2969 838 3030 incommunieantea
885 2968 943 3027 Sed
964 2971 1010 3044 qd
1032 2989 1102 3029 oom-

104 3056 107 3061 ’
171 3058 179 3073 “
256 3059 297 3119 de
322 3058 355 3118 in
381 3059 580 3138 longitudine,
609 3062 639 3119 et
663 3061 708 3134 qd
731 3062 777 3118 est
798 3059 954 3117 rationalis
979 3062 1010 3118 et
1032 3078 1102 3118 oom-

171 3146 180 3162 ·
215 3149 295 3209 rao
316 3146 350 3206 in
371 3148 571 3226 longitudine:
599 3167 669 3226 ergo
692 3149 732 3207 ae
754 3151 799 3207 est
821 3147 991 3223 rationein,
1014 3150 1045 3206 a
1065 3146 1102 3206 a

163 3234 437 3321 retinabant
459 3238 526 3314 ipsa
549 3239 594 3297 est
616 3237 731 3313 equalis
753 3235 920 3313 superficiei
941 3237 980 3296 les
1002 3237 1034 3295 in
1055 3236 1101 3309 kq:

179 3388 207 3447 “.
358 3403 525 3475 anmx
541 3411 574 3459 eo
596 3405 751 3475 (amaon
764 3405 798 3474 x,
814 3408 870 3474 aa:
890 3405 923 3459 a·
935 3406 1021 3473 ferar
1034 3407 1098 3461 zara

231 3478 409 3553 -m‘derooae
426 3477 525 3552 piato
542 3477 698 3549 θθιρθγῇθὶθθ
715 3483 848 3542 nonanta
864 3477 937 3532 latae
954 3479 1013 3533 eiua
1026 3484 1099 3534 teta

301 3570 374 3615 m
388 3552 534 3612 rationali
551 3565 716 3621 comparant
732 3547 858 3600 mediato.
