2340 3834
336 162 387 217 AD
404 162 590 217 EUCLIDEM
607 162 674 217 LIB.
688 161 721 217 X.
961 163 1026 228 255

0 333 41 388 ,t
92 332 188 391 minus
215 332 392 407 composita,
420 325 625 408 (composita)
648 350 710 389 una
733 330 770 388 ab
793 331 866 406 alia,
894 334 947 390 aut
969 351 1025 408 que

0 421 40 476 :t
83 420 251 496 composita
274 439 309 477 ex
332 418 431 493 surda,
453 439 544 495 quam
565 419 689 495 predixi,
714 438 783 477 cum
806 421 1026 495 quantitatibus

0 507 215 567 tionalibus
234 511 265 567 et
282 509 327 567 his
346 508 500 584 similibus,
523 508 600 567 sicut
617 508 702 566 radix
721 510 876 587 sexaginta
895 512 925 568 et
942 509 1026 568 radix

0 595 124 656 dicis
151 597 290 674 triginta,
318 600 348 655 et
369 598 454 656 radix
476 598 631 675 sexaginta
653 600 776 672 excepta
797 598 896 656 radice
918 598 1027 658 radicis

0 709 4 734 ι
23 684 152 762 ’ginta
189 687 229 744 Et
248 686 325 745 sieut
342 703 410 744 cum
427 686 564 744 dicimus:
583 686 666 745 radix
684 686 791 744 radicis
810 685 937 764 triginta
954 687 1025 747 duo·
1053 704 1067 744 s

16 796 24 821 ι
46 800 71 825 ι.
109 778 140 833 et
161 775 246 833 radix
264 775 455 850 quaternarii,
479 778 509 833 et
528 774 612 833 radix
630 775 738 833 radicis
756 775 883 852 triginta
901 776 1027 834 duorum

0 858 131 939 bsque
149 862 249 922 radice
268 863 459 938 quaternarii,
474 866 574 939 etque
588 864 634 921 his
648 863 848 922 suntsimilia.
880 864 1027 923 Dicuntur

0 967 85 1010 ero
115 972 182 1012 cum
208 953 404 1011 diminutione
431 953 507 1010 linee
535 953 622 1011 surde
649 952 769 1010 alinea
791 953 945 1027 rationali,
973 956 1027 1012 aut

0 1036 27 1084 ³
42 1065 63 1091 ι.
76 1041 84 1053 ·
98 1042 214 1101 utione
236 1040 313 1099 linee
335 1041 491 1100 rationalis
514 1060 533 1099 a
550 1041 631 1100 linea
653 1041 742 1101 surda
761 1044 814 1100 aut
832 1041 1026 1101 diminutione

10 1123 93 1186 'ee
117 1130 205 1189 surde
228 1149 247 1189 a
268 1130 348 1188 linea
370 1129 467 1188 surda.
1040 1149 1066 1188 1⁰

109 1218 224 1277 Surda
251 1221 352 1277 autem
378 1219 577 1294 composita
600 1221 646 1277 est
668 1221 831 1296 aggregata
854 1238 889 1278 ex
912 1219 1026 1278 duabus

7 1308 240 1367 ·uantitatibus
270 1307 601 1382 incommunicantibus,
634 1327 692 1383 que
724 1307 898 1383 simpliciter
928 1308 1025 1367 verbis

1 1396 144 1467 exprimi
172 1399 217 1454 est
243 1396 440 1472 impossibile,
468 1395 627 1455 secundum
654 1397 732 1472 quod
760 1397 885 1472 predixi,
915 1416 971 1472 que
994 1397 1026 1454 in

25 1485 137 1544 ntum
163 1488 226 1544 tres
253 1488 429 1562 segregatur
454 1487 563 1560 partes.
613 1485 682 1543 Non
710 1485 787 1543 enim
815 1488 860 1544 est
886 1486 1026 1561 possibile

11 1573 117 1632 reter
152 1591 203 1632 eas
236 1573 310 1633 alias
342 1593 413 1633 esse.
476 1573 608 1643 Quarum
642 1573 758 1649 prima
790 1566 880 1656 estl),
920 1578 955 1633 ut
986 1574 1026 1633 sit
1039 1590 1066 1631 16

2 1659 230 1738 multiplicatio
262 1664 404 1738 cuiusque
436 1662 561 1721 duarum
589 1662 792 1738 quantitatum
819 1663 850 1720 in
877 1681 908 1722 se
934 1664 1025 1723 ratio-

4 1745 106 1826 nafis,
125 1753 155 1810 et
174 1751 214 1810 sit
230 1751 442 1826 multiplicatio
460 1752 548 1809 unius
568 1770 670 1810 earum
687 1751 719 1809 in
738 1752 864 1810 alteram
882 1752 1026 1830 medialis,

4 1843 73 1900 que
109 1843 154 1899 est
180 1839 292 1899 habens
319 1860 426 1900 nomen
454 1839 630 1917 absolute,
662 1842 693 1898 et
720 1859 776 1915 que
803 1840 842 1899 ab
869 1859 904 1899 ea
932 1842 1026 1900 deter-

9 1919 179 2003 minantur,
197 1948 254 2004 que
274 1928 365 1987 etiam
383 1932 428 1989 est
445 1928 543 2004 prima
558 1929 713 2004 linearum,
732 1929 763 1986 in
778 1929 887 2004 quibus
901 1934 1027 2006 apparet

15 2018 201 2092 *ompositia
1040 2035 1067 2075 ao

108 2097 302 2187 Secunda¹)
329 2125 399 2166 vero
427 2109 485 2181 est,
516 2109 550 2164 ut
577 2106 618 2164 sit
643 2106 855 2182 multiplicatio
883 2106 1026 2181 cuiusque

27 2199 144 2253 uarum
180 2195 387 2270 quantitatum
421 2195 645 2254 coniunctamm
681 2195 712 2252 in
749 2214 779 2253 se
811 2195 959 2270 mediaIiS,
996 2199 1026 2254 et

34 2276 229 2359 ultipljcatio
252 2283 341 2341 unius
365 2301 467 2341 earum
489 2284 520 2341 in
544 2284 670 2341 alteram
693 2283 733 2342 sit
754 2283 918 2342 rationalis.

108 2363 264 2452 Tertia³)
296 2375 397 2430 autem
429 2375 487 2446 est,
517 2374 553 2429 ut
580 2372 620 2430 sit
646 2372 857 2448 multiplicatio
885 2371 1024 2447 cuiusque

48 2467 144 2518 arum
172 2460 378 2536 quantitatum
402 2461 626 2519 coniunctarum
647 2460 679 2518 in
703 2479 734 2519 se
756 2461 904 2537 medialis,
933 2464 963 2519 et
984 2462 1024 2520 sit
1038 2476 1064 2516 as

52 2541 230 2625 duplicatio
254 2550 343 2608 unius
367 2567 469 2607 earum
491 2549 522 2606 in
545 2549 672 2610 alteram
694 2549 837 2608 medialis.

59 2664 230 2682 w

85 2740 113 2791 7.
132 2736 281 2808 Dicuntur]
298 2734 398 2791 Dic’ta.
417 2768 451 2775 —
475 2741 517 2788 22.
535 2733 566 2786 in
584 2750 614 2788 se
632 2733 851 2791 coniunctamm.
873 2766 904 2776 -
930 2741 972 2791 25.
992 2736 1023 2791 in

70 2807 231 2862 *oniunctis

83 2985 129 3040 ori
139 2983 315 3055 expressione
325 2982 440 3038 dieitur:
450 2982 566 3052 „radix
580 2982 729 3052 triginta
744 2984 884 3037 duorum
898 2983 1026 3052 absque

90 3074 137 3111 ce
161 3054 392 3125 quaternarii,
421 3053 538 3108 radice
561 3053 693 3108 residui
716 3058 888 3123 accepta“.
932 3055 1026 3110 Etiam

96 3198 125 3236 ae
139 3183 199 3250 a-l-
208 3147 414 3251 ὧντε-νά
427 3196 446 3232 a
456 3179 489 3248 ᾗ
499 3151 622 3251 Wt‘ss
632 3167 726 3250 Wab
741 3182 854 3232 auctore
864 3179 1017 3234 laudantur

106 3293 116 3358 )
135 3288 174 3342 Ut
190 3272 346 3359 Vdsslld,
363 3283 387 3337 si
405 3286 444 3339 ab
463 3301 519 3338 nou
538 3287 580 3338 est
598 3301 729 3338 numerus
749 3285 911 3354 quadratus.

112 3423 117 3462 l
136 3412 174 3466 Ut
192 3377 415 3485 ifflssisa—ffi,
439 3377 605 3482 quiaildsb
621 3440 626 3450 ·
641 3377 824 3483 isdffi=ao

135 3537 173 3590 Ut
190 3504 311 3608 ffb}
322 3504 414 3608 ila-d}
432 3555 500 3591 nam
519 3503 605 3612 ists—’li
621 3504 730 3613 filo—b‘
744 3502 799 3584 =4
822 3535 904 3590 ,aba
