2340 3834
259 255 261 259 ἲ
376 184 443 270 no
461 183 646 238 nummum
662 184 777 240 uma.
1018 185 1081 248 217

65 350 136 408 Sed
159 353 309 428 quantitas
334 371 373 412 aa
399 356 554 413 mensurat
582 354 782 429 quantitatem
805 355 860 413 aa:
893 374 963 431 ergo
992 373 1083 429 quan-

65 433 152 498 titas
176 459 192 501 a
227 445 381 500 mensurat
409 443 609 517 quantitatem
636 444 686 501 atla
745 442 802 500 Sed
834 443 900 519 ipsa
931 445 1084 502 mensurat

703 535 800 590 totam
823 534 879 607 pri,
910 522 980 609 ergo
1003 553 1083 590 men-

67 599 87 705 i
459 628 664 719 ἦκ’-*ᾳ
706 624 789 679 surat
812 622 1012 695 quantitatem
1032 623 1082 694 ph.

461 702 463 718 '
706 710 764 767 Sed
784 710 827 782 pt
855 712 900 768 est
928 710 1082 785 quantitas
1109 721 1122 761 5

704 798 800 855 maior
823 799 999 874 communia
1024 818 1082 874 que

703 890 856 945 mensurat
874 887 948 945 duas
965 888 1082 962 quanti-

603 968 621 1057 ?
704 977 781 1033 tates
810 976 859 1050 ab,
883 972 980 1054 <pct>t
1013 966 1082 1052 ergo

645 1128 648 1132 Δ
703 1064 854 1138 quantitas
886 1084 902 1123 a·
931 1068 1083 1123 mensurat

66 1152 278 1216 quantitatem
293 1153 436 1211 maiorem
450 1173 642 1228 communem,
662 1173 720 1228 que
734 1155 885 1210 mensurat
899 1152 973 1211 duas
990 1171 1083 1228 quan·
1098 1168 1123 1206 ro

63 1227 180 1298 titum
199 1242 241 1299 ab
261 1242 291 1298 et
307 1242 364 1314 ρᾶς
391 1245 422 1300 et
438 1242 514 1299 illud
533 1244 586 1316 est,
609 1242 689 1316 quod
708 1242 908 1300 demonstrare
926 1243 1082 1300 voluimus.

163 1329 336 1388 Probatio
358 1329 476 1407 figure
501 1323 632 1411 sexte¹)
652 1330 812 1388 secundum
829 1330 958 1404 modum,
981 1350 1082 1389 secun-

64 1403 147 1474 dum
170 1438 258 1492 quem
282 1421 326 1476 est
348 1419 525 1477 huiusmodi.

165 1505 241 1576 Quia
264 1510 414 1566 ostensum
437 1511 494 1583 est,
526 1508 605 1583 quod
626 1508 780 1582 proportio
804 1508 983 1583 quantitatis
1005 1526 1022 1567 a
1045 1507 1084 1565 ad

65 1596 277 1663 quantitatem
291 1615 310 1654 a
334 1599 379 1655 est
401 1597 478 1655 siout
500 1597 654 1672 propo1tio
673 1597 760 1655 unius
780 1597 857 1672 adp,
882 1600 911 1655 et
929 1596 1082 1672 proportio
1097 1609 1123 1649 15

60 2050 93 2094 (ι
111 2040 182 2098 adb
206 2040 264 2098 fuit
287 2041 363 2098 siout
385 2041 571 2116 proportiop
590 2043 628 2099 ad
642 2045 674 2101 d:
698 2062 768 2120 ergo
793 2042 953 2100 secundum
971 2041 1083 2115 equali-

59 2122 169 2187 tatem
199 2129 352 2205 proportio
379 2129 468 2187 unius
496 2129 577 2189 add
605 2133 650 2188 est
677 2132 753 2189 sicut
775 2131 930 2205 proportio
953 2148 969 2188 c
996 2130 1035 2187 ad
1059 2132 1083 2188 b.

63 2210 134 2276 Sed
157 2236 233 2275 unus
257 2221 395 2276 numerat
417 2219 445 2293 ci,
469 2238 539 2294 ergo
561 2236 578 2278 r
600 2222 737 2277 numerat
760 2220 785 2277 b.
825 2218 883 2277 Sed
905 2235 921 2277 a
943 2219 1003 2275 iam
1025 2217 1084 2275 fuit

58 2316 233 2365 numerans
256 2325 288 2365 a:
308 2325 377 2383 ergo
396 2307 582 2382 quantitates
602 2309 660 2381 ab
679 2311 749 2365 sunt
767 2307 1029 2379 communicantem
1055 2309 1084 2364 et

59 2389 149 2452 illud
172 2398 227 2469 est,
250 2395 329 2470 quod
352 2395 552 2454 demonstrare
576 2396 731 2455 voluimus.
1097 2407 1123 2447 20

163 2483 214 2542 De
236 2484 355 2560 figure
379 2477 573 2565 septima.2)

147 2605 171 2652 3.
191 2616 227 2668 pe
241 2629 275 2638 -
288 2606 314 2653 4.
334 2599 535 2671 quantitatem]
554 2602 646 2653 totam
663 2602 814 2657 mensurat.
834 2633 868 2641 —
888 2605 929 2654 13.
950 2599 1033 2667 quod.
1050 2631 1083 2638 —

64 2669 142 2724 Post
161 2675 203 2723 15.
223 2671 341 2738 (tpuram
358 2672 464 2726 mariti.
483 2703 518 2710 -
539 2676 578 2724 18.
599 2671 689 2726 unius.

147 2779 174 2846 1)
193 2775 329 2829 Euonmns
348 2776 381 2844 X,
397 2783 413 2830 6
432 2776 522 2846 (cmi.
539 2780 568 2830 et
586 2777 717 2832 Humano.
737 2778 835 2847 idem):
862 2778 893 2832 Si
910 2779 1015 2844 fuerint
1032 2778 1084 2830 due

70 2849 255 2916 quantitates,
283 2864 400 2916 quarum
422 2849 458 2903 sit
476 2851 620 2917 proportio
646 2851 731 2904 unius
758 2851 795 2903 act
818 2851 931 2903 alteram
953 2855 1084 2916 tanquam

68 2919 184 2973 numeri
201 2919 239 2972 art
255 2935 406 2985 nunmrnm,
424 2936 470 2973 aas
488 2920 560 2974 duas
578 2922 804 2974 communicantes
822 2937 875 2974 essa
893 2936 995 2973 necesse
1013 2926 1057 2973 est.

147 2992 175 3058 2)
192 2989 330 3042 Eunomus
340 2988 399 3058 X‚r
416 2989 569 3055 (Gauranos
578 2990 662 3059 idem,
676 2992 843 3044 Hammonis
853 2991 886 3058 X,
897 2992 935 3059 9):
958 2990 1084 3044 Omnium

73 3061 197 3114 duarum
209 3061 412 3128 superficierum
424 3063 632 3130 quadraturam,
647 3080 764 3131 quarum
778 3063 865 3116 latera
874 3063 905 3115 in
915 3062 1085 3131 lonpituctinc

75 3133 285 3197 communicant,
299 3137 337 3185 est
346 3133 488 3200 proportio
497 3135 583 3186 unius
592 3134 629 3186 ad
639 3135 753 3187 alteram
762 3139 893 3201 tanquam
901 3133 1009 3186 numeri
1017 3149 1083 3201 qua-

75 3203 151 3257 drati
165 3203 203 3256 art
216 3219 358 3256 nanterum
373 3203 544 3271 quadratum.
565 3203 597 3257 Si
610 3220 671 3257 cero
684 3205 770 3270 fuerit
778 3205 921 3272 proportio
933 3205 1085 3272 superficiei

75 3275 431 3342 quadranacsuperpaeu
440 3276 605 3342 quadratam
613 3281 745 3343 tanquam
750 3276 892 3342 proportio
901 3276 1009 3328 numeri
1017 3291 1084 3342 qun-

76 3345 152 3398 strati
165 3346 203 3399 ad
216 3361 360 3398 nmncrum
373 3345 547 3412 quadratum,
565 3352 646 3399 crunt
660 3347 746 3399 latera
762 3363 857 3399 carum
869 3346 901 3398 in
915 3346 1085 3415 lonpitudine

76 3416 312 3469 communicantia
346 3415 424 3485 Quod
441 3417 466 3469 si
479 3416 566 3482 suerit
580 3417 722 3484 proportio
735 3417 887 3485 superficiei
901 3417 1033 3484 quadrata
1047 3416 1085 3468 ad

76 3487 244 3554 supmficicm
262 3487 426 3555 quadratam
449 3503 506 3540 non
523 3488 596 3541 catut
612 3488 720 3541 numeri
738 3489 870 3556 quadrati
889 3488 929 3540 aa
944 3502 1092 3538 numerum

79 3559 250 3624 quadratum,
269 3558 356 3611 latera
374 3574 469 3613 aarum
488 3567 571 3616 crunt
588 3561 622 3616 in
633 3560 814 3634 tonqitudtne
829 3552 1116 3613 incommuntount'au.
