2340 3834
405 135 456 190 AD
475 133 660 189 EUCLIDEM
678 135 744 190 LIB.
759 135 779 188 Ι.
1055 135 1096 198 87

45 304 130 364 'nisi
164 303 254 363 linea
277 306 326 366 ab.
372 302 457 373 Quod
484 303 510 362 si
536 303 676 380 possibile
705 305 762 379 est,
789 305 824 361 ut
847 302 886 361 sit
909 302 969 361 alia
993 302 1030 360 ab
1053 320 1097 378 ea,

51 413 132 454 non
173 396 280 452 tamen
306 387 438 472 (aliter)
465 395 511 451 est
541 392 694 468 possibile,
728 391 800 467 quin
828 393 915 451 eadat
942 391 990 450 vel
1017 392 1098 449 ultra

53 503 144 543 eam
172 481 226 541 vel
248 481 323 540 eitra
346 500 419 540 eam.
460 480 576 540 Ponam
598 501 668 558 ergo
691 481 830 556 primum,
852 483 888 538 ut
911 480 999 538 eadat
1016 481 1099 538 ultra

52 572 181 648 ipsam
201 569 281 630 siout
297 571 377 630 linea
396 572 446 645 bd,
469 573 500 628 et
517 588 636 646 ponam,
658 573 694 628 ut
713 570 753 628 sit
771 569 898 646 angulus
916 570 981 642 dby
998 572 1098 626 reotus

54 660 233 739 angulus:
251 678 320 737 ergo
334 661 400 735 bdq
418 661 464 718 est
480 659 578 718 minor
595 663 685 736 recto,
705 658 785 733 quod
803 660 921 717 constat
937 658 1096 716 seeundum
1126 670 1138 708 ⁵

698 747 905 822 probationem
922 746 1016 822 figure
1036 748 1098 821 17⁰,

699 854 768 913 ergo
800 836 927 913 angulus
956 836 1023 894 aab
1054 838 1100 893 est

699 942 854 1000 expansus.
871 924 1017 981 Remanet
1028 943 1098 1000 ergo

699 1013 825 1089 angulus
871 1013 937 1071 dab
984 1015 1098 1086 acutus,

699 1119 768 1178 ergo
801 1100 962 1158 seeundum
992 1100 1138 1176 proba-10

697 1190 810 1248 tionem
828 1188 923 1265 figure
944 1191 998 1246 17⁰
1016 1190 1098 1248 latus

626 1308 653 1342 a
698 1280 739 1338 ab
759 1281 804 1336 est
821 1277 917 1335 maius
935 1277 1030 1335 latere
1047 1279 1097 1337 od.

697 1366 863 1426 Producam
891 1384 961 1442 ergo
990 1367 1032 1424 bd
1055 1384 1098 1424 se-

710 1456 840 1513 cundum
864 1454 1078 1513 rectitudinem

77 1536 183 1617 usque
202 1541 241 1600 ad
258 1545 403 1618 punctum
417 1561 439 1612 e,
458 1544 550 1602 donee
567 1543 606 1602 sit
620 1545 661 1603 ob
681 1544 794 1620 equalis
810 1546 854 1610 be,
874 1547 904 1602 et
919 1542 1139 1620 coniungens

82 1649 132 1706 eq.
172 1631 241 1689 Duo
259 1625 395 1710 (igitur)
414 1632 568 1708 quadrata,
593 1652 650 1708 que
669 1632 746 1691 fiunt
764 1652 800 1692 ex
817 1633 897 1690 linea
916 1635 953 1692 be
972 1635 1002 1690 et
1019 1632 1099 1690 linea

79 1721 128 1794 by
148 1722 218 1778 sunt
231 1720 350 1795 equalia
365 1720 512 1795 quadrato
526 1720 603 1780 linee
614 1739 658 1794 eq.
691 1721 749 1780 Sed
762 1723 822 1779 iem
838 1722 960 1780 fuerunt
979 1721 1099 1797 equalia

80 1807 238 1884 quadrato
260 1827 316 1883 oo:
344 1828 413 1886 ergo
441 1809 521 1868 linea
544 1828 586 1883 oq
613 1813 658 1868 est
685 1810 799 1886 equalis
826 1810 903 1869 linee
928 1828 972 1884 eq.
1018 1811 1099 1888 Ergo

82 1896 151 1954 iam
186 1897 400 1971 protrahuntur
432 1917 450 1955 a
481 1898 596 1956 duabus
629 1899 867 1958 extremitatibus
899 1899 987 1957 unius
1020 1902 1099 1957 reete

80 1985 180 2060 linea,
208 2004 264 2060 que
292 1989 338 2044 est
363 1986 443 2045 linea
466 1989 519 2062 bo,
548 1987 604 2046 due
627 1987 717 2064 linae,
746 2006 873 2063 quarum
896 1988 1099 2046 extremitates
1113 2000 1139 2038 20

84 2091 181 2149 supra
205 2076 350 2149 punctum
372 2095 467 2133 unum
490 2080 681 2152 concurrunt,
709 2096 767 2152 que
791 2080 862 2135 sunt
883 2076 960 2134 linea
984 2078 1029 2153 be,
1053 2094 1098 2149 eq,

85 2159 142 2238 <et
164 2180 223 2238 que
246 2166 316 2221 sunt
339 2164 460 2239 equales
484 2164 597 2223 duabus
620 2165 706 2223 lineis
726 2167 775 2240 ba,
795 2161 863 2239 oo),
886 2165 977 2240 quod,
995 2183 1098 2222 seeun-

82 2251 161 2308 dum
178 2250 385 2327 probationem
402 2252 497 2331 figure
516 2253 640 2329 septime
660 2253 843 2313 eontrarium
861 2257 891 2311 et
909 2253 1098 2328 impossibile.

85 2339 131 2396 Et
152 2338 290 2398 similiter
312 2341 432 2400 ducitur
454 2343 492 2400 ad
514 2342 705 2418 impossibile,
729 2343 755 2400 si
777 2341 869 2400 fuerit
891 2341 971 2399 linea
992 2341 1098 2400 cadens

86 2427 165 2486 eitra
186 2428 297 2487 lineam
315 2432 369 2489 ab:
393 2449 462 2508 ergo
486 2430 566 2489 linea
584 2432 625 2490 ab
649 2435 694 2489 est
718 2451 760 2507 ea,
784 2450 842 2506 que
864 2430 1099 2507 orthogonaliter
1113 2442 1138 2482 25

83 2515 265 2593 adiungitur
277 2517 354 2576 linee
365 2520 417 2595 b93
432 2522 462 2577 et
474 2519 551 2577 illud
564 2523 617 2594 est,
632 2519 713 2595 quod
727 2520 928 2578 demonstrare
941 2519 1098 2578 voluimus.

162 2708 273 2758 17-18.
294 2704 348 2758 Sed
447 2723 487 2776 oy
505 2708 537 2760 io
556 2707 671 2776 Maeote.
691 2709 827 2776 repetitor.
