2340 3834
373 162 424 216 AD
444 162 629 218 EUCLIDEM
647 163 713 217 LIB.
727 160 761 217 X.
1001 162 1066 226 325

42 334 86 390 et
116 332 420 391 communicantes
449 336 483 390 et
510 334 740 408 superficiem
767 331 955 391 medialem
983 350 1066 389 con·

42 421 219 480 timentes
252 421 535 498 coniunguntur,
567 424 646 480 tota
678 422 775 479 linea
807 424 861 479 est
893 420 999 479 surda
1031 423 1067 478 et

42 513 206 568 uocatur
227 509 419 568 bimedium
443 511 640 569 seeundum.

144 598 237 656 Verbi
259 599 357 676 gratia
381 593 441 658 sint
463 600 520 657 due
543 600 619 657 linee
643 600 685 658 ab
709 602 738 657 et
756 600 804 672 by,
827 618 885 674 qne
905 599 965 656 sint
982 597 1067 656 radix

45 687 164 746 radicis
192 687 347 747 duodecim
374 691 404 746 et
429 688 514 746 radix
540 688 649 746 radicis
673 687 764 744 trium
788 688 942 745 coniuncte
965 704 1066 745 secun·
1094 701 1106 740 s

49 776 127 834 dum
149 777 371 852 rectitudinem,
399 797 456 852 que
479 779 549 834 sunt
570 776 711 834 mediales
735 778 766 832 et
787 776 818 833 in
841 775 977 850 potentia
999 778 1066 834 tan·

48 867 119 922 tum
148 865 396 924 communicantes
425 868 455 924 et
482 864 665 924 continentes
692 864 863 922 medialem:
892 864 957 922 dieo
986 882 1066 941 ergo,

53 954 135 1028 quod
162 973 205 1028 ey
228 957 273 1012 est
296 954 385 1012 surda
407 957 437 1012 et
459 957 583 1013 vocatur
605 953 765 1012 bimedium
787 952 959 1026 seeundum,
987 952 1067 1028 quod

55 1042 98 1100 sic
120 1042 273 1118 probatur.
313 1042 427 1100 Ponam
451 1043 529 1101 enim
551 1045 592 1102 de
613 1042 798 1116 rationalem,
822 1061 879 1117 que
900 1042 940 1100 sit
957 1042 1065 1116 unitas,

56 1130 95 1188 ad
122 1151 212 1208 quam
241 1131 401 1209 adiungam
429 1131 613 1207 superficiem
642 1149 676 1191 er
698 1131 833 1207 equalem
856 1126 969 1188 duobus
993 1145 1106 1206 qua-10

638 1308 650 1355 t
755 1316 771 1354 z
949 1301 968 1354 d

174 1619 311 1678 raaraeeb
339 1639 404 1679 reete
418 1640 497 1679 raeces
512 1640 537 1678 12
564 1637 583 1674 e
955 1670 957 1700 ,

151 1672 302 1726 ds——l
571 1693 574 1728 ι
635 1700 959 1762 ——h———e

57 1872 148 1932 dratis
172 1876 213 1933 ab
237 1878 267 1933 et
290 1876 329 1948 tp
352 1876 525 1949 coniunctis,
548 1878 579 1933 et
600 1877 755 1951 proveniet
777 1876 856 1934 latus
880 1875 944 1933 eius
962 1893 1064 1934 secun-

57 1961 126 2020 dum
152 1965 205 2036 da3
233 1966 264 2021 et
290 1982 400 2039 ponam
427 1963 612 2039 superficiem
635 1966 670 2022 let
692 1966 828 2042 equalem
850 1964 941 2040 duplo
964 1982 1065 2040 super·

57 2051 132 2110 ficiei
159 2054 201 2111 ab
229 2052 260 2109 in
289 2054 341 2126 by:
374 2052 439 2110 dico
467 2071 550 2129 erge,
577 2047 698 2132 <qu0d>
726 2052 873 2129 quadrata
900 2054 942 2111 ab
968 2055 999 2111 et
1026 2054 1066 2127 by

57 2143 211 2199 coniuncta
234 2144 304 2199 sunt
325 2141 461 2216 mediale,
483 2135 555 2219 <et>
578 2142 701 2217 duplum
723 2141 889 2217 superficiei
911 2142 953 2199 ab
975 2141 1008 2199 in
1026 2142 1067 2215 by

57 2232 100 2287 est
126 2230 261 2288 mediale.
306 2230 387 2306 Ergo
415 2248 590 2305 unaqueque
618 2230 742 2288 duarum
770 2229 991 2306 superficierum
1013 2230 1065 2304 da,
1078 2243 1105 2285 1⁶

54 2319 89 2375 let
120 2320 165 2376 est
195 2318 331 2376 medialis
364 2321 394 2376 et
426 2318 566 2376 adiuncta
597 2318 635 2375 ad
666 2320 776 2378 lineam
808 2321 848 2378 dc
873 2317 1065 2393 rationalem3

55 2425 232 2482 unaqueque
260 2408 353 2482 igitur
380 2406 505 2464 duarum
531 2407 678 2465 linearum
705 2409 758 2482 dc,
784 2412 817 2468 rt
841 2410 886 2465 est
907 2407 1064 2466 rationalis

54 2496 85 2552 in
108 2496 244 2570 potentia
268 2498 298 2552 et
319 2496 570 2554 incommunicans
594 2497 687 2554 dein
709 2497 904 2574 longitudine.
946 2494 1065 2554 Sedet

54 2583 285 2642 incommunicat
317 2585 357 2657 tp
388 2585 420 2641 in
451 2584 651 2660 longitudine,
683 2588 714 2644 et
745 2586 925 2662 quadratum
951 2585 993 2643 ab
1020 2583 1064 2642 in-

54 2673 253 2731 communioat
280 2671 445 2748 superficiei
473 2675 514 2732 ob
541 2673 573 2731 in
600 2675 653 2749 by,
680 2676 821 2750 quoniam
847 2694 940 2732 unum
963 2691 1065 2732 eorum
1078 2687 1105 2728 ao

54 2764 99 2820 est
125 2761 273 2819 rationale
302 2764 331 2818 et
358 2762 485 2833 alterum
507 2762 641 2838 surdum,
668 2766 699 2820 et
721 2763 900 2838 quadratum
922 2763 964 2821 ab
987 2780 1065 2821 com-

52 2851 187 2909 municat
213 2849 326 2908 duobus
350 2849 503 2926 quadratis
527 2852 568 2909 ob
591 2854 622 2909 et
644 2853 684 2925 tp
707 2851 882 2926 coniunctis,
912 2853 942 2909 et
964 2869 1064 2927 super-

52 2938 133 2998 ficies
161 2940 203 2997 ab
230 2939 262 2996 in
290 2941 330 3013 tp
357 2940 554 2997 communicat
581 2939 671 3015 duplo
695 2941 770 2998 eius:
798 2959 868 3018 ergo
892 2941 983 2998 etiam
1006 2939 1064 2998 duo

53 3028 202 3104 quadrata
225 3029 266 3086 ab
290 3030 320 3085 et
343 3029 383 3101 tp
406 3029 562 3086 coniuncta
584 3029 836 3087 incommunieant
854 3029 944 3104 duplo
963 3046 1064 3105 super-

52 3117 131 3175 ficiei
154 3117 195 3175 ob
218 3117 250 3173 in
273 3117 321 3190 by.
362 3116 429 3174 Duo
453 3119 553 3174 autem
577 3118 723 3192 quadrata
741 3119 783 3176 ab
801 3120 831 3176 et
849 3119 889 3191 by
907 3119 1064 3177 coniuncta
1078 3128 1105 3170 2⁵

53 3208 215 3281 equantun
229 3204 396 3280 superficiei
423 3207 479 3280 dle,
506 3208 536 3263 et
563 3205 686 3281 duplum
713 3206 878 3282 superficiei
906 3208 947 3266 ab
970 3207 1002 3264 in
1025 3207 1065 3280 by

54 3297 100 3352 est
123 3295 228 3368 equale
252 3293 417 3369 superficiei
439 3295 486 3352 let:
511 3312 580 3370 ergo
603 3295 646 3352 dle
664 3295 894 3353 incommunicat
911 3296 954 3370 let,
977 3297 1007 3352 et
1024 3294 1066 3354 da

124 3539 235 3587 11-12.
255 3533 410 3588 secundum
429 3534 475 3590 de.
495 3566 530 3576 —
551 3539 671 3592 ru-ie.
689 3532 855 3606 superdeum
869 3530 974 3599 duplo.
1068 3578 1092 3617 ,Α
