2340 3834
355 166 405 220 AD
423 165 609 221 EUGLIDEM
628 167 695 222 LIB.
710 167 782 222 VHl.
1010 168 1073 232 195

49 314 189 392 ‘marum
208 352 268 393 una
282 338 328 393 est
341 336 406 393 hec:
427 334 510 394 (lum
523 336 662 393 fuerint
676 336 742 393 duo
757 337 907 410 numeri,
927 355 1074 411 quorum

58 407 167 481 buius
199 423 242 480 ad
274 424 426 482 alterum
459 426 647 499 proportio
680 426 727 482 sit
759 426 853 484 sicut
884 426 1073 500 proportio

69 499 201 569 Illlllreri
238 513 409 588 quadrati
446 513 488 570 ad
524 533 705 571 numerum
742 515 967 589 quadratum,
1003 515 1074 588 ipsi

78 600 168 657 uum
185 602 440 676 superficiales
460 603 606 660 similes,
642 602 747 660 Altera
764 605 821 660 est:
841 601 923 661 (lum
936 603 1075 660 fuerint

10 756 12 773 Ι
82 672 134 744 luo
158 691 309 765 numeri,
337 708 484 766 quorum
511 692 615 749 unius
643 691 686 748 ad
709 691 862 748 alterum
885 693 1073 767 proportio
1101 708 1114 747 5

80 771 118 832 sit
137 779 228 836 sicut
250 780 438 854 proportio
458 779 537 837 cubi
556 780 598 837 ad
617 779 752 854 cubum,
775 781 847 855 ipsi
867 783 948 838 sunt
966 781 1074 838 solidi

78 862 208 924 similes.
255 867 370 925 Harum
398 871 498 925 autem
525 868 662 943 probatio
690 868 800 943 facilis,
828 870 969 945 quoniam
996 871 1074 927 inter

75 970 164 1012 omnes
188 955 261 1013 duos
284 975 421 1015 numeros
445 957 605 1032 quadratos
629 957 709 1015 cadit
731 976 869 1015 numerus
893 961 922 1014 et
940 959 1073 1016 continu·

70 1045 132 1100 atur
166 1044 441 1119 proportionaliter,
478 1064 548 1122 ergo
585 1048 662 1103 inter
695 1045 767 1104 duos
800 1045 960 1120 quadratos
993 1047 1073 1104 cadit

64 1150 200 1190 numerus
224 1152 313 1208 unus3
340 1136 371 1192 et
392 1135 472 1192 inter
493 1135 566 1192 duos
590 1134 679 1193 cubos
703 1135 812 1192 cadunt
833 1129 934 1211 <duo>
956 1137 1071 1193 numeri
1087 1151 1113 1189 ro

63 1223 92 1277 et
124 1222 334 1280 continuantur
363 1224 633 1298 proportionaliter.
684 1222 781 1300 Igitur
807 1224 972 1280 numeratio
1001 1225 1073 1297 eiuS,

61 1310 141 1384 quod
164 1310 244 1368 cadit
266 1312 345 1369 inter
367 1330 416 1370 eos
440 1332 475 1369 ex
493 1314 632 1386 numeris,
656 1315 700 1370 est
718 1312 795 1370 siout
815 1313 981 1370 numeratio
1001 1313 1072 1386 eino,

10 1404 41 1452 40
59 1398 140 1474 qnod
160 1394 164 1476 Ι
186 1399 266 1457 cadit
290 1401 367 1458 inter
390 1418 490 1459 omnes
513 1400 586 1460 duos
609 1419 746 1459 numeros
769 1402 928 1459 secundum
950 1419 1071 1476 propor-

58 1488 173 1544 tionem
205 1489 349 1562 ipsorum:
383 1507 452 1566 ergo
485 1490 564 1547 cadit
593 1491 671 1547 inter
699 1509 799 1548 omnes
827 1490 899 1547 duos
926 1507 1072 1563 numeros,

57 1577 111 1651 qui
149 1578 219 1633 sunt
250 1576 409 1634 seeundum
440 1579 661 1652 proportionem
694 1578 818 1636 duorum
850 1578 1071 1653 quadratorum,
1086 1593 1111 1632 15

56 1683 200 1722 numerus
226 1684 315 1740 unus3
343 1668 373 1723 et
400 1667 478 1723 inter
506 1667 578 1724 duos
604 1685 754 1741 numerOS,
783 1668 834 1742 qui
859 1670 927 1724 sunt
949 1667 981 1723 in
1003 1685 1070 1742 pro-

56 1753 196 1828 portione
224 1753 349 1812 duorum
376 1773 564 1812 numerorum
592 1755 773 1829 cubicorum,
801 1755 859 1812 duo
887 1754 1014 1830 numeri,
1042 1760 1072 1812 ct

56 1842 272 1899 continuantur
299 1843 572 1919 proportionaliter,
606 1847 635 1901 et
666 1844 722 1902 duo
754 1845 882 1917 numeri,
919 1845 970 1919 qui
1004 1848 1071 1903 sunt

55 1929 221 1988 secundum
242 1933 464 2006 proportionem
487 1932 612 1990 duorum
634 1951 824 1990 numerorum
849 1933 1070 2008 quadratorum,

55 2021 129 2077 sunt
153 2018 352 2093 superficiales
375 2021 498 2094 similes3
522 2023 552 2078 et
575 2010 637 2079 duo'
655 2023 778 2095 numeri,
803 2021 854 2096 qui
877 2025 946 2078 sunt
968 2040 1068 2080 secun-
1084 2037 1110 2076 ao

54 2108 131 2165 dum
154 2101 416 2186 <proportionem>
435 2109 562 2167 duorum
584 2129 775 2167 numerorum
799 2108 977 2184 cubicorum,
1001 2115 1071 2168 sunt

52 2195 146 2255 solidi
170 2189 331 2274 (similes),
355 2201 385 2256 et
406 2197 482 2254 illud
506 2201 558 2272 est,
583 2198 663 2272 quod
686 2198 887 2256 demonstrare
911 2198 1068 2256 voluimus

127 2388 217 2436 2-3.
241 2383 384 2451 proportio
407 2383 489 2437 unius
513 2382 652 2451 quadrati.
681 2415 715 2423 —
743 2391 767 2438 4.
792 2383 884 2438 latera
903 2386 952 2437 est.
973 2416 1006 2424 —
1027 2389 1068 2437 15.

49 2453 133 2524 quod
153 2456 227 2508 sunt.

49 2632 179 2688 alieuius
190 2632 253 2686 cubi
262 2631 299 2684 od
307 2631 425 2700 aliquem
434 2633 539 2687 rubum.
557 2632 634 2686 Haec
643 2631 715 2686 duae
725 2633 931 2701 propositiones
939 2633 1068 2700 Hmrorrs,

48 2703 186 2768 ultimae,
205 2700 235 2754 in
253 2701 355 2770 quibus
375 2701 434 2756 eius
448 2702 553 2756 mentio
568 2703 608 2771 fit,
627 2719 775 2757 conversas
788 2704 926 2772 praebent
939 2703 1022 2756 huius
1040 2707 1069 2756 et

48 2773 213 2828 immediate
232 2772 423 2826 antecedentis
441 2772 641 2843 propositionis
660 2774 798 2828 Eucmors.
