2340 3834
378 181 429 235 AD
448 181 633 237 EUCLIDEM
651 181 718 237 LIB.
732 182 765 236 X.
1004 182 1068 246 323

148 350 279 428 Signabo
310 350 406 428 igitur
437 351 510 409 duas
538 349 631 408 lineas
658 351 800 408 mediales
829 354 858 409 et
886 351 1068 411 continentes

53 439 229 515 medialem,
258 460 314 515 que
343 444 388 498 est
414 439 509 517 figura
536 439 628 497 tercia
650 439 755 497 harum
783 458 832 498 sex
855 441 1014 515 linearum,
1039 444 1069 499 et

51 528 189 588 dividam
221 547 460 604 unamquamque
491 528 619 604 primam
649 528 760 586 lineam
792 528 932 604 cuiusque
964 529 1069 587 harum

49 618 147 676 trium
175 616 339 695 figurarum
366 617 398 675 in
426 618 498 676 duas
526 619 626 693 partes
653 617 711 691 ita,
739 620 773 675 ut
795 617 835 675 sit
856 617 1067 692 multiplicatio

47 706 142 764 unius
168 724 269 763 eanum
291 705 323 764 in
345 706 471 764 alteram
494 705 608 782 equalis
632 706 777 782 quadrato
799 706 968 766 medietatis
990 707 1068 765 linee
1095 721 1107 760 s

46 793 213 868 brevioris,
241 794 401 853 secundum
428 795 507 869 quod
530 799 680 854 ostensum
703 795 801 853 estin
825 813 873 869 eo,
900 795 979 870 quod
1001 816 1067 871 pre-

47 883 157 958 cessit3
180 877 254 961 <11>
277 882 421 957 accipiam
443 882 566 958 radices,
590 903 646 959 que
668 885 762 958 erunt,
785 902 843 958 que
864 883 1066 958 querebamus.

45 970 119 1030 Iam
157 988 227 1049 ergo
264 974 414 1029 ostensum
449 974 507 1045 est,
544 971 623 1047 quod
654 972 802 1045 volumus,
838 971 870 1029 in
902 972 1066 1049 longiorem

45 1058 166 1119 lineam
198 1062 228 1118 et
255 1079 289 1118 ex
316 1059 412 1118 tribus
440 1059 527 1119 lineis
554 1060 669 1135 primis,
702 1059 861 1118 secundum
889 1061 968 1135 quod
994 1061 1067 1119 fecit

46 1167 103 1208 eas
129 1147 302 1207 Gaonaraa
328 1147 360 1206 111
386 1148 610 1224 probationibus
637 1148 728 1208 trium
755 1148 900 1206 linearum
925 1149 1105 1207 secunda-10

44 1254 128 1296 rum.
170 1236 245 1296 (lum
267 1237 299 1294 in
321 1236 424 1312 primis
446 1236 550 1314 figuris
568 1237 713 1296 dividitur
729 1236 810 1294 linea
828 1255 931 1295 earum
949 1238 1066 1315 longior

44 1325 82 1384 in
106 1326 266 1400 sectiones,
294 1345 368 1402 quas
390 1325 583 1401 prediximus,
610 1326 786 1401 provenient
806 1328 867 1384 tres
888 1325 966 1384 linea
992 1320 996 1404 l
1021 1345 1064 1386 se-

46 1416 156 1474 cunde.
212 1413 353 1490 Oportuit
383 1414 498 1489 itaque,
534 1416 569 1472 ut
599 1415 706 1472 harum
739 1413 844 1474 divisio
876 1415 1065 1490 promittetur

45 1509 123 1564 ante
150 1504 277 1582 figuram
304 1503 476 1562 vicesimam
502 1503 633 1561 terciam.
679 1504 782 1562 Nostri
805 1506 906 1562 tamen
929 1503 998 1561 libri
1019 1504 1063 1562 in·

46 1594 150 1670 ceptio
179 1596 224 1651 est
251 1611 269 1651 a
296 1595 381 1666 nota,
394 1617 395 1620 ¹
409 1591 440 1649 id
467 1595 512 1650 est
538 1585 635 1672 nili(!)
686 1591 771 1660 Quod
799 1592 874 1651 scias
903 1611 972 1669 ergo
1000 1592 1062 1652 hoc.
1077 1608 1103 1649 11

44 1679 114 1741 Nos
144 1681 222 1739 enim
249 1700 308 1740 non
335 1680 486 1756 posuimus
511 1700 573 1755 eas,
601 1680 677 1739 sicut
699 1680 868 1740 invenimus
892 1682 995 1741 casin
1017 1682 1063 1742 his

45 1771 179 1845 scriptis.
226 1769 340 1828 Deinde
368 1770 490 1827 afferam
517 1773 585 1844 post
611 1770 696 1827 illam
722 1770 894 1829 vicesimam
917 1773 1064 1847 quartam,

46 1860 158 1918 deinde
185 1858 311 1935 figuram
336 1857 508 1917 vicesimam
535 1860 684 1934 quintam,
711 1862 815 1934 postea
837 1859 965 1936 figuram
986 1861 1063 1920 vice·
1107 1920 1110 1926 ,

46 1949 159 2006 simam
177 1950 299 2022 sextam,
317 1949 421 2022 postea
439 1947 566 2024 figuram
583 1948 754 2006 vicesimam
773 1947 939 2023 septimam,
958 1949 1063 2007 deinde

45 2037 179 2115 figuram
218 2036 389 2096 vicesimam
431 2039 580 2111 octavam,
622 2039 652 2094 11
692 2035 733 2094 111
769 2055 862 2111 usque
900 2037 938 2095 ad
973 2037 1062 2096 finem
1076 2052 1102 2092 ao

47 2128 208 2184 mactatus.

140 2209 295 2291 <Figura
317 2215 489 2274 vicesima
511 2205 701 2293 octava>.¹)

142 2302 224 2360 Cum
247 2304 311 2362 due
333 2304 427 2362 linee
451 2302 715 2379 coniungantur
737 2301 773 2359 in
795 2300 962 2376 potentia
980 2304 1060 2359 tan-

49 2395 125 2451 tum
151 2391 352 2451 rationales
381 2395 415 2450 et
437 2391 754 2464 communicantes,
781 2393 861 2448 tota
883 2389 982 2448 linea
1005 2392 1060 2450 est

52 2482 158 2539 surda
199 2484 233 2538 et
272 2485 422 2541 vocatur
459 2475 652 2539 binomium
689 2479 907 2554 absolutum,
948 2482 978 2538 11
1014 2484 1099 2539 estas

50 2569 147 2646 figura
170 2570 297 2644 septima
320 2570 440 2628 decima.
892 2573 893 2576 ’

139 2658 231 2716 Verbi
257 2659 356 2735 gratia
382 2658 442 2717 sint
465 2657 521 2715 due
543 2657 620 2715 linee
644 2658 698 2733 ub,
727 2659 766 2731 by
789 2656 950 2716 secundum
972 2658 1059 2717 recti·

50 2747 186 2804 tudinem
214 2747 382 2821 coniuncte,
409 2766 466 2821 que
495 2746 554 2804 sint
580 2745 665 2804 radix
692 2745 792 2804 decem
820 2749 850 2804 et
875 2746 960 2804 radix
983 2751 1060 2822 octo,

51 2836 302 2894 communicantes
332 2836 364 2893 in
395 2835 531 2911 potentia
561 2837 680 2893 tantum
712 2838 741 2892 et
771 2834 933 2894 rationales
964 2835 996 2893 in
1024 2854 1059 2893 ea

50 2927 181 2983 tantum:
210 2924 274 2983 dico
296 2923 403 3001 igitur,
431 2924 511 2999 quod
534 2941 576 2997 up
598 2928 643 2983 est
665 2924 755 2982 surda
778 2926 808 2982 et
829 2927 954 2982 vocatur
975 2923 1058 2982 bino·
1072 2937 1099 2977 ao

50 3013 143 3080 mium
166 3013 343 3088 absolutum,
366 3012 444 3087 quod
467 3012 509 3070 sic
528 3011 680 3087 probatur.
724 3011 845 3070 Faciam
869 3011 947 3070 enim
969 3031 1059 3088 supra

123 3187 164 3235 11.
185 3181 264 3252 Cum]
283 3180 362 3234 Tum.

123 3342 149 3409 1)
168 3339 303 3394 Eucamrs
322 3340 355 3407 X,
374 3345 407 3392 28
426 3339 577 3410 (0111111111
595 3337 629 3406 Χ,
644 3343 690 3405 3ος
708 3337 875 3392 Hamauems
894 3338 928 3408 X,
942 3340 999 3409 36):
1025 3337 1058 3395 Si

50 3415 103 3467 due
116 3413 186 3466 tinec
195 3413 380 3480 potentialiter
388 3417 495 3466 tantum
507 3411 656 3464 rationales
669 3410 894 3465 communicantes
906 3409 1059 3481 intormem
1144 3438 1147 3443 ·

50 3485 232 3551 directumque
254 3485 467 3553 coniungantur,
490 3488 548 3538 totu
571 3482 646 3538 tinec
667 3496 702 3536 ea
721 3481 767 3536 bis
784 3481 939 3550 compositu.
957 3480 1015 3535 eeu
1026 3480 1070 3539 ”aar
1083 3512 1100 3557 1.

47 3554 200 3618 rationulis,
218 3554 373 3624 debeturque
391 3555 556 3612 binomium.
1057 3556 1100 3621 ..ffl

881 3634 941 3691 Ἃ*
