2340 3834
380 152 430 206 An
449 152 635 208 nncnmnu
652 154 718 208 mn.
733 155 754 209 1.
1027 157 1070 220 57

151 320 200 378 Ad
235 319 312 379 illud
347 321 534 398 probandum
569 323 624 381 hoo
661 322 836 382 antecedens
868 317 1072 402 exponetur.1)

61 407 139 468 Cum
167 410 295 487 angulus
319 410 397 485 bap,
425 411 476 487 qui
499 413 545 469 est
567 411 713 488 trianguli
735 413 812 486 obp,
839 411 953 471 induo
976 413 1074 472 media

59 499 142 558 linea
169 493 256 577 (cd)
286 498 451 576 dividatur,
484 499 560 558 sicut
587 502 737 558 ostensum
765 503 810 560 est
838 521 873 559 ex
898 501 1074 577 probatione

59 590 157 665 figure
180 607 265 664 none,
290 588 406 664 eritque
426 590 471 664 φά
493 588 612 666 longior
629 590 683 648 db:
707 589 772 648 dico
795 609 874 667 ergo,
899 590 978 666 quod
995 590 1075 648 linea

575 695 619 752 pc
637 680 683 736 est
696 678 813 755 longior
826 678 906 738 linea
920 681 969 737 ab.
1002 679 1074 738 Pro·
1102 691 1115 731 ὁ

577 766 695 825 traham
718 767 821 843 itaque
845 769 884 826 de
911 767 1075 826 secundum

576 854 785 914 rectitudinem
799 857 844 914 cd
863 859 892 914 et
909 851 990 934 (ad)
1011 856 1074 915 eius

579 943 781 1020 equalitatem,
805 947 836 1002 et
855 945 958 1004 secabo
978 946 1019 1005 da
1036 945 1075 1003 ad

579 1032 773 1108 equalitatem
797 1034 851 1101 bd,
885 1034 1074 1109 quemadmo-

525 1121 649 1233 bdum
681 1124 831 1180 ostensum
864 1125 909 1180 est
941 1142 976 1182 ex
1006 1141 1074 1198 pro·
1089 1136 1116 1175 10

525 1180 698 1268 bbatione
720 1209 814 1288 figure
837 1211 937 1284 tercie,
961 1214 991 1269 et
1009 1229 1075 1286 pro-

578 1299 697 1357 traham
720 1316 767 1368 ca,
796 1317 887 1376 quam
913 1299 1076 1375 producam

579 1405 675 1463 usque
703 1387 782 1446 adb
813 1384 856 1463 [et
878 1385 1075 1464 protraham}

578 1475 644 1534 Due
678 1494 747 1553 ergo
782 1475 858 1534 linae
893 1478 937 1536 ad
973 1481 1003 1535 et
1034 1477 1075 1535 db

579 1567 649 1623 sunt
667 1565 787 1641 equales
806 1566 921 1624 duabus
935 1564 1022 1624 lineis
1037 1566 1076 1624 ed
1091 1577 1118 1617 15

580 1656 610 1711 et
637 1654 690 1721 da,
723 1655 753 1712 et
784 1653 842 1712 duo
871 1654 975 1731 anguli
1001 1654 1076 1718 cdo,

22 1808 26 1814 ,
63 1745 129 1804 eda
156 1742 287 1820 oppositi
314 1745 385 1801 snut
413 1742 545 1818 equales,
574 1741 735 1800 secundum
756 1741 962 1818 probationem
983 1741 1079 1820 igitur

59 1833 162 1910 figure
191 1835 296 1908 quarte
324 1831 381 1889 erit
407 1829 486 1889 basis
518 1831 559 1889 cb
588 1830 704 1907 equalis
730 1830 797 1889 basi
824 1848 866 1900 er,
894 1836 924 1890 et
951 1832 1079 1909 angulus

61 1925 131 1982 bac
159 1921 273 1996 equalis
302 1920 412 1996 angulo
440 1920 507 1978 dea.
558 1919 616 1977 Sed
644 1920 773 1996 angulus
801 1920 863 1978 bae
890 1924 935 1978 est
962 1919 1078 1997 equalis

61 2010 179 2087 angulo
205 2011 287 2085 gad,
318 2008 460 2085 quoniam
488 2008 616 2084 angulus
641 2010 708 2083 gab
735 2008 794 2066 fuit
821 2008 932 2067 divisus
959 2009 991 2066 in
1018 2008 1077 2066 duo
1092 2022 1119 2061 no

60 2099 165 2158 media
188 2098 267 2156 linea
285 2098 338 2166 ad,
362 2100 392 2156 et
413 2097 475 2154 iam
496 2096 558 2154 fuit
580 2099 738 2172 ostensum,
762 2097 842 2173 quod
864 2097 991 2174 angulus
1013 2097 1079 2156 bod

62 2191 113 2247 est
138 2187 251 2262 equalis
275 2187 384 2263 angulo
403 2186 478 2244 bed:
502 2203 619 2243 necesse
642 2189 688 2244 est
711 2204 790 2263 ergo,
812 2189 849 2243 ut
871 2186 998 2262 angulus
1015 2187 1080 2244 bac

61 2277 107 2337 sit
132 2275 246 2351 equalis
269 2275 378 2352 angulo
396 2275 469 2352 bed,
492 2293 561 2350 ergo
585 2274 744 2333 secundum
761 2274 968 2350 probationem
985 2273 1079 2350 figure

62 2367 150 2425 sexte
174 2364 231 2422 erit
253 2363 333 2422 linea
356 2364 399 2422 ab
421 2361 535 2438 equalis
558 2356 678 2441 (lineo)
699 2364 751 2421 be:
775 2381 844 2440 ergo
867 2362 947 2421 linea
970 2381 1012 2436 ap
1035 2365 1080 2420 est

61 2453 187 2531 longior
212 2452 292 2511 linea
314 2453 360 2510 be.
407 2450 465 2509 Sed
493 2451 572 2509 linea
593 2452 633 2510 bc
660 2454 704 2509 est
717 2457 718 2460 ’
731 2451 849 2528 longior
870 2451 950 2509 linea
974 2468 1021 2520 cz,
1050 2454 1079 2509 et
1093 2463 1121 2503 25

61 2544 149 2602 linea
170 2559 207 2602 ae
234 2544 279 2600 est
306 2539 419 2617 equalis
445 2539 523 2598 lineo
546 2540 601 2598 ab:
629 2559 698 2617 ergo
725 2540 805 2598 linea
826 2542 866 2599 be
894 2543 940 2598 est
961 2540 1080 2617 longior
1141 2588 1145 2601 s

60 2633 149 2691 linea
167 2632 216 2689 ab.
259 2629 317 2689 Sed
339 2629 418 2688 linea
437 2647 480 2702 cp
502 2631 548 2687 est
565 2628 683 2705 longior
700 2623 821 2707 (linea)
839 2630 887 2698 bc,
911 2648 981 2706 ergo
1000 2629 1079 2686 linea

61 2740 108 2796 ap
132 2721 180 2778 est
201 2718 296 2778 multo
319 2717 437 2795 longior
459 2717 539 2774 linea
562 2719 611 2776 ab.

156 2807 230 2866 Post
255 2807 311 2866 hoc
338 2797 434 2882 dico²l
464 2806 556 2882 quod,
589 2805 615 2864 si
640 2804 733 2864 fuerit
761 2806 889 2883 angulus
918 2806 995 2881 obp,
1028 2805 1081 2882 qui

61 2900 111 2957 est
134 2895 283 2972 trianguli
305 2896 383 2969 obp,
406 2894 502 2953 maior
525 2895 646 2971 angulo,
671 2893 724 2970 qui
747 2897 792 2952 est
814 2896 894 2968 apd,
919 2895 976 2953 erit
998 2895 1080 2953 latus
1094 2906 1122 2946 30

61 3005 108 3060 cp
142 2983 240 3043 maius
267 2984 361 3042 latere
389 2983 438 3042 ab.
489 2982 630 3041 Dividam
657 2983 760 3058 itaque
788 2984 869 3042 latus
897 2985 936 3058 by
963 2984 995 3041 in
1022 2983 1080 3042 duo

59 3074 167 3134 media
197 3091 287 3148 supra
313 3075 459 3148 punctum
482 3073 514 3140 d,
542 3071 791 3148 quemadmodum
817 3073 1009 3131 manifestum
1037 3076 1082 3131 est

139 3265 165 3313 7.
185 3261 227 3314 ad
245 3260 285 3331 et]
305 3261 333 3312 et
351 3275 437 3328 sopra
455 3259 562 3314 lineam.
581 3290 615 3298 -
636 3263 677 3312 31.
696 3257 787 3312 minus
807 3257 902 3313 latere.

139 3457 168 3525 1)
189 3453 311 3508 Procnes
330 3458 391 3522 319,
411 3459 485 3522 5sq.‚
505 3453 554 3507 sed
572 3453 705 3506 Hnnonnu
722 3469 779 3506 non
796 3452 931 3507 nominat.

138 3530 169 3596 2)
186 3525 310 3579 Pnocnne
329 3529 390 3593 320,
410 3530 473 3592 sssq.
494 3524 553 3578 sine
571 3523 713 3578 mentione
731 3523 865 3578 Hunoms,
