2340 3834
106 168 180 233 '386
223 166 389 222 ANARITII
407 165 663 223 COMMENTARII
680 166 730 220 AD
749 165 934 221 EUOLIDEM
953 167 1022 220 LIB.
1037 167 1072 223 X.

110 337 270 396 secundum
306 337 360 410 ab,
397 338 426 393 et
458 338 499 395 ab
532 337 577 393 est
607 335 756 409 medialis3
794 337 824 393 et
855 354 924 394 cum
955 336 1125 412 superficies

111 425 227 500 equalis
250 424 395 500 quadrato
419 425 458 483 de
481 422 655 501 adiungitur
678 424 716 482 ad
738 425 850 483 lineam
872 442 914 498 ay
936 426 1124 502 rationalem,

110 514 146 571 fit
173 515 253 572 latus
282 514 344 572 eius
372 511 532 571 secundum
559 514 614 588 bd,
641 513 801 571 secundum
829 513 908 588 quod
932 513 1124 590 ostendimus,

112 606 142 660 et
165 603 207 660 bd
229 620 287 660 non
311 604 357 660 est
377 602 410 659 in
432 603 559 660 termino
583 603 624 660 ab
646 621 741 678 neque
764 603 796 659 in
819 603 882 661 eius
906 603 1018 661 ordine.

75 703 98 744 ‘o
202 688 249 750 Sit
271 709 341 767 ergo
363 691 412 749 hic
435 709 476 765 op
501 693 528 765 2,
552 692 582 748 et
604 692 646 749 ab
669 691 755 749 radix
776 691 885 750 radicis
907 693 936 749 3.
977 692 1124 769 Multipli-

112 777 185 837 cabo
207 780 310 855 itaque
335 781 353 836 2
381 780 414 836 in
438 781 466 858 2,
490 782 520 838 et
542 779 621 854 quod
643 781 781 856 provenit
803 780 835 838 in
853 782 884 855 4,
907 783 937 837 et
960 784 1049 840 erunt
1075 783 1122 840 16.

111 867 225 926 Deinde
252 867 460 950 multiplicabo
487 869 564 926 illud
589 869 621 925 in
650 870 683 943 3,
711 871 741 926 ct
768 869 944 944 provenient
972 870 1023 927 48.
1071 871 1124 929 Est

214 1350 268 1389 8192
364 1351 392 1390 32
512 1352 526 1389 2
663 1349 666 1353 ’
691 1351 758 1390 12288
855 1352 882 1391 48

111 1558 181 1616 ergo
210 1542 405 1618 aggregatum
432 1560 467 1599 ex
493 1541 614 1600 mediali
640 1543 673 1600 in
699 1544 877 1601 rationalem
903 1544 990 1602 radix
1012 1547 1118 1604 radicis

112 1628 167 1701 483
196 1632 241 1687 est
267 1630 369 1705 itaque
396 1630 481 1688 radix
504 1631 681 1707 superficiei,
708 1650 765 1707 que
788 1633 956 1691 continetur
980 1652 998 1691 a
1021 1635 1116 1693 radice

73 1730 99 1769 10
111 1715 219 1775 radicis
243 1718 293 1775 48.
338 1718 411 1776 Post
433 1718 487 1778 hoc
509 1719 714 1796 multiplicabo
740 1723 757 1778 2
781 1721 813 1778 in
838 1724 870 1796 2,
899 1723 929 1780 et
952 1722 1033 1798 quod
1056 1742 1118 1800 pro·

112 1805 206 1878 venit,
228 1805 261 1860 in
284 1807 317 1880 4,
342 1808 372 1863 et
394 1807 472 1881 quod
496 1826 531 1865 ex
553 1808 607 1867 hoc
631 1809 843 1886 aggregabitur
864 1811 896 1866 in
922 1812 977 1886 16,
1001 1814 1032 1870 et
1055 1831 1116 1888 pro·

112 1893 232 1950 venient
255 1893 326 1951 256.
371 1893 485 1953 Deinde
507 1896 712 1973 multiplicabo
735 1897 811 1955 illud
832 1899 865 1956 in
888 1899 983 1958 lineas
1007 1901 1116 1974 surdas,

113 1983 143 2039 et
178 1983 223 2040 est
253 1980 337 2039 radix
368 1984 475 2042 radicis
506 1985 588 2044 illius
620 1986 717 2045 surda.
772 1987 812 2045 nt
843 1987 982 2046 similiter
1013 1989 1117 2048 faciam

113 2087 227 2145 semper
258 2089 351 2146 usque
382 2073 414 2130 in
445 2072 606 2148 infinitum,
639 2077 669 2132 ct
700 2075 776 2134 illud
808 2079 864 2153 est,
893 2076 973 2152 quod
1001 2077 1115 2138 demon·

74 2170 99 2210 1⁵
114 2161 207 2217 strare
230 2159 387 2220 voluimus.

179 2318 309 2391 Explicit
329 2319 501 2380 Aummus
524 2339 612 2396 super
635 2322 668 2381 X
682 2325 797 2397 primos
818 2324 907 2384 libros
929 2325 1089 2385 Eccumu.

185 2505 222 2558 In
239 2505 335 2575 figuris
352 2507 476 2576 Mscptm.
495 2509 573 2564 babet
590 2512 658 2563 8292
678 2516 703 2565 et
720 2515 807 2564 20244
826 2511 883 2568 loco
896 2517 966 2567 8192
986 2516 1114 2568 8412288.
