2340 3834
90 187 156 251 204
376 185 542 240 ANARITII
561 183 817 241 COMMENTARII

91 375 127 412 ex
153 355 317 412 numerolo
344 355 472 412 secundo
498 352 530 412 in
557 373 714 411 numerum
741 353 868 412 tercium
890 359 912 412 t:
941 373 1013 431 ergo
1035 373 1106 430 pro·

90 442 189 518 poitio
221 441 323 518 primi,
355 442 410 518 qui
437 445 481 502 est
508 461 540 517 o,
572 444 610 500 ad
637 461 794 500 numerum
821 443 986 502 secundnm
1011 443 1032 501 lc
1059 446 1105 501 ost

91 531 169 590 sicut
195 531 349 606 propoitio
376 530 494 598 numeni
516 535 528 590 t
552 531 639 590 tercii
665 532 703 589 ad
730 550 887 590 numerum
908 534 1054 608 quartum
1076 551 1104 590 u.

93 619 151 677 Sed
182 638 323 678 numerus
354 620 469 695 primus
501 638 533 694 o,
570 619 623 695 qni
655 619 791 695 sequitur
821 640 930 695 unum,
964 623 1106 679 numerat

65 708 254 767 ssecundum
279 710 312 784 lc,
344 728 413 786 ergo
445 713 620 767 numerust
648 708 757 767 tercius
784 713 921 767 numerat
948 727 1104 767 numerum

92 800 232 872 quartum
260 815 287 856 o.
339 797 397 856 Sed
427 815 566 856 numerus
594 800 716 872 quartus
744 816 764 856 o
792 800 837 856 est
864 797 980 873 equalis
1007 796 1104 872 primo

91 904 214 944 numero
242 905 273 960 o,
302 887 353 962 qui
380 887 513 962 sequitur
539 905 645 961 unum,
672 905 741 962 ergo
768 905 907 945 numerus
930 891 942 945 t
965 889 1104 945 numerat

91 993 247 1032 numerum
271 993 298 1049 o,
322 974 375 1050 qui
397 976 530 1050 sequitur
551 994 651 1033 unum.
692 973 751 1033 Sed
773 975 837 1050 ipse
861 978 905 1034 est
927 975 1053 1050 primus,
1075 978 1105 1033 et

93 1068 104 1122 t
125 1082 185 1121 non
208 1067 253 1121 est
276 1063 389 1138 equalis
412 1081 440 1137 o,
464 1063 543 1138 quod
566 1065 611 1121 est
632 1063 841 1122 inconveniens
864 1066 894 1122 et
911 1063 1104 1139 impossibile.

52 1166 79 1205 io
93 1152 157 1210 Iam
183 1170 253 1228 ergo
277 1154 426 1210 ostensum
445 1153 498 1222 est,
521 1152 600 1226 quod
622 1153 737 1210 numeri
760 1153 934 1227 incipientes
957 1151 996 1210 ab
1019 1143 1099 1232 unol

93 1242 118 1299 si
145 1240 407 1316 proportionentur
434 1240 584 1315 continue,
616 1244 647 1298 et
673 1241 765 1298 fuerit
791 1241 856 1316 ille,
888 1243 939 1316 qui
968 1242 1103 1316 sequitur

93 1349 197 1403 unum,
228 1329 354 1404 primus,
383 1347 442 1386 non
469 1328 638 1387 numerabit
664 1329 806 1388 maiorem
834 1348 935 1388 eornm
963 1330 1024 1388 nisi
1052 1328 1104 1387 ali·

94 1419 160 1493 quis
187 1418 307 1475 illorum
333 1436 536 1491 numerorum3
565 1421 595 1476 et
617 1418 692 1475 illud
716 1421 773 1493 est,
800 1419 879 1494 quod
901 1419 1104 1476 demonstrare

94 1497 271 1586 voluimus}

53 1607 79 1646 is
184 1586 350 1674 ilignea,
378 1613 443 1669 que
467 1595 642 1670 sequitur,
666 1595 791 1653 addita
814 1598 867 1653 est
889 1595 1110 1653 theoremati

71 1686 193 1747 sexto
217 1683 355 1740 decimo
379 1684 494 1757 partis
516 1675 647 1762 none.¹)

183 1768 344 1828 Omnium
381 1771 527 1829 duorum
561 1790 798 1846 numerorum,
834 1790 983 1846 quorum
1014 1789 1124 1829 nnus

93 1859 130 1916 in
153 1859 333 1934 quotlibet
357 1860 534 1918 dividitur
559 1862 750 1934 sectiones,
773 1860 866 1935 quod
884 1863 1133 1937 aggregatur

94 1967 134 2004 ex
166 1948 478 2023 multiplicatione
510 1950 615 2007 unius
643 1948 790 2006 duorum
816 1967 1043 2007 numerorum
1069 1950 1133 2006 in

53 2037 261 2111 walterum,
298 2037 425 2112 equale
458 2040 512 2096 est
543 2039 805 2111 coniunctioni,
837 2056 902 2113 que
935 2038 1139 2112 provenit

94 2143 133 2183 ex
164 2125 473 2201 multiplicatione
505 2128 645 2185 numeri
676 2126 828 2185 indivisi
860 2127 895 2183 in
924 2127 1136 2184 sectiones

93 2215 229 2272 numeri
257 2206 404 2294 divisi.²)
437 2261 455 2313 d
548 2278 562 2314 e
813 2261 829 2314 b
1093 2275 1132 2312 α

93 2302 230 2378 Exempli
242 2321 331 2361 causa
345 2305 406 2362 sint
445 2277 760 2368 .-1—-—·—-t9
822 2332 1081 2366 1————-———
1108 2329 1116 2364 ι

94 2391 152 2450 duo
174 2393 290 2449 numeri
311 2393 352 2450 ab
375 2396 406 2451 et
484 2421 502 2472 h
921 2434 936 2472 Ζ

53 2491 80 2532 ¹5
92 2482 145 2553 od,
164 2483 194 2538 et
212 2481 252 2538 sit
267 2481 312 2553 ool
330 2480 404 2539 divi·
494 2491 497 2528 Ι
923 2490 926 2525 ¹

96 2586 145 2626 sus
163 2569 283 2626 induas
300 2570 404 2627 sectio·
487 2596 511 2631 m
657 2579 667 2631 i
923 2580 940 2632 k

95 2674 147 2714 nes
162 2674 251 2731 supra
262 2659 405 2732 punctum
494 2656 648 2685 ³*—
658 2651 899 2685 ¹‘'‘'‘'”—'
914 2651 931 2685 ‘¹

95 2763 122 2802 e:
150 2745 214 2802 dico
243 2763 326 2821 ergo,
356 2745 435 2821 quod
463 2748 508 2803 est
534 2746 744 2821 multiplicatio
771 2742 907 2825 <numeri
935 2749 976 2805 ob
1003 2747 1034 2804 in
1057 2742 1113 2818 qd

95 2833 208 2907 equalis
229 2833 472 2907 multiplicationi
494 2836 610 2892 numeri
628 2837 669 2893 ob
687 2837 719 2893 in
735 2854 774 2910 pc
792 2839 822 2893 et
839 2828 1107 2910 multiplicationi>

53 2933 81 2972 so
95 2923 210 2979 numen'
242 2923 283 2979 ob
319 2922 351 2979 in
384 2923 435 2996 cd,
472 2940 538 2979 cum
575 2924 799 3001 coniunguntur.
854 2924 995 2982 Probatio
1031 2923 1102 2980 eius·

167 3091 207 3144 18.
227 3092 385 3159 agregatur.

168 3268 193 3335 1)
216 3266 351 3320 Encnmns
368 3266 419 3335 IX,
441 3272 486 3323 16:
519 3268 551 3322 Si
571 3269 676 3335 suerint
697 3270 804 3324 numeri
828 3270 956 3338 quotlibet
978 3268 1093 3323 conum

91 3338 310 3406 propootiooales
322 3340 354 3391 io
367 3355 419 3393 ooo
432 3340 608 3408 proportione
620 3340 737 3406 minimi,
755 3341 867 3408 qsoilibet
878 3342 917 3396 od
929 3339 1090 3409 compositum

95 3425 130 3463 ex
147 3409 259 3478 reliquia
273 3410 382 3478 primus
400 3426 453 3464 csse
471 3411 620 3465 necessario
637 3411 833 3479 comprobator.

165 3481 192 3548 2)
212 3479 316 3534 Videas
331 3479 490 3535 additiones
505 3480 624 3536 Cannam
643 3481 679 3534 ad
693 3479 765 3534 hanc
778 3481 1005 3550 propositionem.
1024 3478 1088 3532 Haeo

78 3549 195 3606 additio
216 3552 320 3609 eadem
339 3555 384 3610 est
404 3571 437 3610 ao
456 3551 616 3625 propositio
630 3552 669 3621 ll,
684 3559 713 3606 ὶ-
