2340 3834
103 172 168 238 346
387 172 552 227 ANARITII
570 171 827 228 COMMENTARII

101 341 181 401 ficies
207 360 277 400 vero
306 359 346 402 aa
372 342 404 398 in
430 343 471 403 cd
494 343 540 400 est
562 342 677 417 equalis
700 341 848 417 quadrato
872 343 924 401 ed:
953 360 1025 418 ergo
1047 361 1111 418 pro·

102 432 199 506 portio
232 448 272 490 aa
304 431 342 489 ad
373 432 413 489 de
445 431 489 488 est
521 430 598 489 sicut
629 432 782 506 proportio
815 431 856 490 de
887 429 928 489 ad
956 432 1006 491 da
1057 429 1112 489 Sed

101 519 254 594 proportio
278 535 320 580 aa
342 519 381 579 ad
403 520 443 577 de
465 521 510 578 est
532 520 610 578 sicut
631 521 784 595 proportio
808 519 851 577 alr
873 519 913 579 ad
935 523 975 594 te,
1000 522 1031 579 et
1047 539 1112 595 pro

101 608 199 682 portio
228 608 268 666 de
295 607 334 666 ad
360 609 401 668 dc
423 612 468 666 est
491 609 568 667 sicut
589 609 742 685 proportio
766 606 858 667 etad
879 612 924 669 tc:
952 627 1025 686 ergo
1047 626 1113 684 prc-

75 697 199 771 sportio
227 698 270 755 cle
297 696 336 755 ad
362 700 393 756 te
415 700 460 756 est
482 697 558 755 sicut
579 697 732 772 proportio
755 701 786 756 te
808 696 847 754 ad
869 700 914 771 tc,
942 715 1014 774 ergo
1037 698 1114 756 inter

102 785 145 843 alr
177 787 206 844 et
237 786 280 844 dle
309 787 354 845 est
380 785 548 861 superficies
576 786 736 845 secundum
762 785 988 862 proportionem
1015 805 1113 859 unam,

103 892 161 950 que
185 876 230 932 est
252 877 290 932 te.
332 872 390 932 Sed
412 874 490 932 inter
511 875 557 933 ml
579 877 609 932 et
632 875 668 933 lc
691 877 737 933 est
759 873 928 950 superficies
951 874 1114 933 secundum

102 962 325 1038 proportionem
346 981 446 1038 unam,
470 982 528 1038 que
552 966 597 1022 est
619 963 660 1039 ql,
683 967 714 1022 et
732 964 774 1022 ah
792 966 823 1022 et
839 964 884 1022 led
902 965 976 1022 sunt
994 964 1113 1038 equales

101 1052 146 1109 ml
175 1054 204 1109 et
230 1053 279 1110 al:
312 1071 381 1129 ergo
409 1055 440 1110 te
466 1054 511 1110 est
538 1051 653 1128 equalis
680 1053 721 1126 ql.
772 1051 829 1110 Sed
856 1052 899 1111 dle
927 1054 973 1110 est
1001 1051 1114 1128 equalis

63 1152 90 1190 1⁰
102 1140 156 1214 lep,
184 1143 214 1198 et
241 1140 274 1213 ql
301 1143 346 1199 est
374 1140 488 1216 equalis
516 1141 558 1199 lc:
586 1158 656 1218 ergo
684 1143 750 1200 tota
778 1142 818 1215 by
843 1143 888 1199 est
911 1141 1029 1216 equalis
1052 1159 1114 1199 ma.

103 1226 161 1287 Sed
183 1247 239 1287 moa
261 1232 307 1288 est
330 1229 508 1304 quadratum
531 1247 587 1303 qa:
611 1248 680 1306 ergo
704 1231 744 1303 by
766 1232 812 1288 est
830 1229 946 1304 equalis
967 1229 1114 1305 quadrato

102 1334 153 1390 qa.
194 1317 274 1394 Ergo
298 1335 389 1392 supra
411 1320 508 1376 totam
530 1319 571 1392 by
592 1320 692 1393 potest
715 1335 764 1391 qa.
807 1291 865 1376 Sed
888 1335 929 1377 aa
952 1319 1114 1377 communi·

103 1407 152 1464 eat
182 1408 223 1465 ad
254 1406 286 1463 in
317 1405 518 1482 longitudine,
550 1425 621 1485 ergo
653 1408 697 1466 cd
725 1405 924 1466 communicat
950 1407 1113 1482 unicuique

103 1493 230 1553 duarum
252 1494 416 1553 sectionum
440 1513 487 1568 cz,
509 1496 558 1554 acl.
600 1494 658 1552 Sed
681 1496 726 1554 ad
749 1497 793 1553 est
810 1494 977 1571 rationalis,
1001 1497 1032 1554 et
1051 1496 1115 1571 ipsa

63 1594 89 1635 15
104 1586 148 1641 est
185 1583 405 1642 communicans
441 1585 483 1642 ab
518 1583 550 1640 in
585 1583 785 1660 longitudine,
826 1601 895 1660 ergo
932 1601 1115 1660 unaqueque

103 1671 232 1730 duarum
250 1672 397 1730 linearum
415 1689 463 1747 or,
484 1674 525 1731 ad
543 1675 588 1731 est
605 1672 762 1731 rationalis
781 1675 874 1730 otest
893 1672 1115 1732 communicans

104 1761 144 1818 ab
163 1760 195 1817 in
213 1759 407 1837 longitudine.
447 1761 526 1837 Ilrgo
545 1779 726 1836 unaqueque
744 1761 872 1818 duarum
891 1761 1117 1836 superficierum

104 1849 159 1922 uh,
190 1848 234 1906 od
265 1852 311 1907 est
341 1848 503 1908 rationalis.
559 1847 616 1906 Sed
648 1849 711 1924 ipse
743 1851 812 1908 sunt
843 1850 966 1924 equales
1000 1850 1115 1910 duobus

105 1936 260 2010 quadratis
282 1938 335 2013 ml,
360 1939 408 1996 al:
432 1957 501 2015 ergo
525 1938 582 1995 due
606 1937 774 2012 superficies
796 1939 850 2013 ml,
873 1939 909 1996 la
933 1941 1005 1997 sunt
1023 1940 1116 1999 ratic-

65 2026 199 2100 uenales,
227 2025 343 2101 etipse
366 2028 435 2084 sunt
457 2026 516 2085 duo
541 2025 689 2101 quadrata
711 2028 755 2101 qf,
781 2027 834 2099 fre:
862 2045 933 2103 ergo
956 2027 1017 2086 duo
1044 2047 1115 2104 qua·

103 2113 190 2173 drata
217 2116 261 2190 qf,
287 2116 327 2188 fc
354 2117 424 2174 sunt
445 2115 606 2187 rationalia
629 2118 660 2173 et
682 2114 941 2174 communicantia.
990 2114 1051 2174 Sed
1074 2118 1116 2176 ad

103 2203 273 2281 seiungitur
292 2205 337 2278 qd
358 2203 391 2261 in
413 2203 610 2281 longitudine,
639 2203 690 2263 sed
713 2205 757 2263 ad
780 2203 981 2264 communicat
1004 2207 1059 2281 dr,
1089 2207 1117 2263 et

103 2293 146 2364 qd
172 2293 372 2352 communicat
398 2295 451 2368 de,
479 2292 620 2368 quoniam
643 2293 704 2350 eius
727 2291 871 2351 medietas
895 2295 952 2350 est:
982 2312 1055 2371 ergo
1080 2295 1116 2353 ed

104 2381 271 2458 seiungitur
302 2383 354 2457 da,
387 2384 416 2440 et
444 2386 474 2440 et
500 2381 666 2458 seiungitur
693 2384 731 2440 ta.
783 2378 840 2439 Sed
868 2384 899 2439 et
925 2385 972 2440 est
1000 2382 1115 2458 equalis

64 2480 89 2520 25
104 2471 148 2544 ql,
177 2472 206 2527 et
233 2473 264 2528 tr
287 2471 332 2528 est
355 2469 469 2545 equalis
493 2471 541 2529 lu:
570 2489 639 2547 ergo
662 2471 695 2542 ql
717 2468 885 2546 seiungitur
908 2470 957 2545 la,
986 2489 1059 2549 ergo
1082 2471 1121 2545 qf

104 2557 271 2635 seiungitur
297 2559 337 2630 fu
363 2559 394 2616 in
417 2558 616 2635 longitudine,
644 2561 673 2616 et
695 2558 759 2634 ipse
781 2558 813 2616 in
835 2557 974 2634 potentia
996 2562 1117 2618 tantum

104 2648 173 2704 sunt
191 2646 352 2705 rationales
371 2649 401 2704 et
420 2647 676 2705 communicantes.
717 2648 798 2723 Ergo
817 2665 860 2720 qa
879 2649 924 2704 est
942 2647 1116 2722 binomium,

105 2736 135 2791 et
165 2733 233 2810 ipsa
265 2737 310 2793 est
340 2739 446 2811 potens
479 2754 569 2811 supra
600 2734 785 2810 superficiem
815 2736 867 2810 bp3
901 2737 931 2793 et
958 2736 1035 2795 illud
1063 2740 1116 2811 est,

104 2823 183 2897 quod
206 2823 408 2883 demonstrare
431 2824 587 2883 voluimus,

64 2925 91 2964 ³⁰
145 2954 150 2965 .
192 2912 238 2970 Ex
264 2913 320 2972 hoo
347 2913 448 2989 itaque
475 2913 537 2970 iam
563 2912 723 2971 manifesta
750 2914 796 2985 est
821 2911 932 2989 figura,
966 2931 1059 2989 quam
1084 2913 1116 2971 in

105 3000 257 3059 elementis
290 3002 483 3075 ostendimus,
521 3001 660 3077 quoniam
692 3000 859 3076 superficies
892 3003 942 3077 ba,
981 3021 1039 3077 que
1071 3005 1114 3060 est

104 3089 271 3165 superficies
300 3093 347 3166 lc,
376 3092 406 3149 et
433 3090 601 3166 superficies
628 3090 684 3164 aa,
713 3108 770 3164 que
799 3092 844 3148 est
871 3089 1040 3166 superficies
1062 3091 1112 3163 ml,

104 3181 134 3236 et
171 3178 227 3237 due
263 3179 376 3238 radices
415 3181 456 3238 80
494 3182 564 3237 sunt
596 3196 686 3253 supra
718 3177 904 3253 superficiem
935 3171 1108 3255 potentes.¹)

174 3370 215 3420 30.
234 3365 423 3419 manifestum.

158 3550 188 3621 1)
208 3547 285 3606 Vide
307 3565 398 3623 supra
417 3566 444 3620 p.
460 3547 616 3601 tut-att.
