2316 3840
380 166 430 221 sn
448 166 634 223 aconiomr
652 167 718 223 ma
733 167 779 224 iv,
1025 170 1086 234 143

94 352 176 408 supra
195 334 265 394 duas
289 333 408 412 [lineas]
437 335 523 396 bases
551 337 683 411 equales,
712 341 742 396 et
770 341 839 395 sunt
866 338 956 396 unius
984 338 1086 397 altitu-

90 422 171 482 dinis:
196 443 264 502 ergo
286 425 454 503 triangulus
478 427 532 484 cel
556 428 601 484 est
624 426 739 500 equalis
762 426 913 505 triangulo
938 428 996 486 bel.
1046 428 1086 485 Et

88 511 182 588 etiam,
209 514 280 588 qnia
308 514 367 574 duo
393 513 539 591 trianguli
563 515 615 573 bel
643 517 673 572 et
702 517 752 588 cip
786 519 855 574 sunt
889 534 980 591 supra
1011 516 1086 575 duas

84 599 162 662 bases
184 602 318 678 equales,
342 622 398 678 qne
421 605 493 662 sunt
515 604 548 662 be
570 606 600 662 et
624 620 673 677 eq,
701 607 731 662 et
754 622 855 662 aarum
885 604 1012 662 altitudo
1041 607 1086 664 est

80 708 143 767 una,
165 710 223 767 quc
246 694 292 751 est
313 694 457 767 punctum
480 693 503 767 l,
531 711 601 769 ergo
624 693 794 770 triangulus
818 695 870 752 ble
897 695 942 751 est
971 693 1085 768 equalis
1112 708 1127 748 5

10 819 12 853 2
76 780 225 858 triangulo
241 781 308 854 ple:
327 799 397 858 ergo
410 780 579 858 triangulus
591 781 646 854 ple
660 784 705 840 est
723 781 837 856 equalis
855 783 1006 858 triangulo
1022 783 1084 841 ale.
1133 838 1134 841 ,

73 867 129 928 Sed
152 870 220 944 ipsa
239 872 311 929 sunt
328 887 420 945 supra
438 888 528 928 unam
545 869 651 944 basim,
673 889 732 944 que
751 873 796 929 est
813 871 893 928 linea
911 865 991 948 <el>‚
1014 889 1084 947 ergo

68 959 125 1037 ipsi
149 961 223 1020 sunt
245 958 324 1016 inter
342 957 415 1018 duas
433 957 528 1018 lineas
547 957 771 1034 equidistantes‚
795 978 852 1034 qne
871 963 942 1017 sunt
959 959 1036 1018 linee
1056 961 1085 1018 el

10 1041 13 1045 ’
66 1054 95 1109 et
117 1067 172 1124 ay,
199 1045 282 1122 qnod
300 1046 436 1122 equidem
454 1049 572 1107 constat
589 1048 750 1106 secundum
768 1046 973 1123 probationem
990 1048 1084 1125 figure

64 1135 299 1214 quadragesime
316 1136 410 1211 prime
428 1136 538 1211 partis3
560 1138 592 1194 et
610 1136 686 1195 illud
707 1139 759 1211 est,
784 1136 864 1211 quod
882 1136 1083 1196 demonstrare
1099 1154 1125 1192 10

61 1228 227 1289 voluimus.

149 1314 216 1374 Hic
244 1331 363 1389 qnoque
394 1313 550 1372 declarabo
576 1313 712 1389 modum,
745 1333 803 1390 quo
831 1313 989 1373 Euonmas
1017 1333 1083 1388 per·

56 1405 142 1466 venit
168 1403 298 1476 adhoc,
320 1405 355 1461 ut
371 1406 495 1478 poneret
513 1402 720 1478 probationem
737 1404 845 1461 harum
862 1404 954 1461 trium
972 1401 1083 1479 figura-

560 1511 628 1549 rum
658 1492 773 1567 taliter,
811 1494 841 1550 et
871 1491 1015 1566 inciperet
1052 1494 1082 1549 et

561 1579 676 1638 dividat
718 1579 950 1656 unumquodque
991 1580 1083 1637 trium
1097 1595 1122 1637 15

562 1669 690 1727 laterum
714 1669 858 1747 trianguli
885 1671 916 1728 in
940 1668 997 1728 duo
1020 1689 1082 1727 me·

562 1758 623 1833 dia,
654 1761 684 1816 et
710 1759 898 1834 protraheret
928 1778 946 1817 a
972 1758 1082 1816 medie·

561 1848 623 1904 tate
661 1847 787 1905 duarum
823 1848 951 1905 laterum
988 1848 1081 1906 conti-

560 1936 694 1993 nentium
713 1935 816 1994 datum
830 1936 974 2013 angulum
987 1937 1081 1995 lineas

561 2024 803 2101 orthogonaliter.
844 2024 958 2084 Ponam
978 2025 1081 2100 itaque
1096 2041 1122 2082 20

561 2112 693 2188 aliquem
740 2113 943 2190 triangulum,
993 2113 1081 2170 illum

560 2202 685 2276 scilicet,
717 2220 808 2277 supra
840 2196 978 2278 <quem>
1011 2204 1081 2260 sunt

560 2309 592 2364 a,
615 2292 645 2365 b,
671 2309 703 2365 9,
739 2294 769 2349 et
799 2308 921 2366 ponam,
958 2292 992 2347 ut
1028 2307 1080 2346 an-

560 2379 648 2456 gulus
668 2380 755 2439 datus
774 2379 815 2437 sit
833 2380 909 2452 bap:
935 2378 1000 2436 dico
1023 2378 1079 2455 igi-

559 2469 618 2543 tur,
641 2468 721 2543 quod
744 2468 801 2526 erit
822 2467 976 2543 possibile,
1000 2467 1080 2542 quod
1093 2483 1119 2524 aa

51 2562 201 2620 centrum
225 2556 281 2614 aut
303 2548 390 2634 (est)
409 2573 498 2631 supra
521 2556 630 2615 lineam
649 2559 697 2631 by,
720 2561 774 2616 aut
796 2557 876 2614 intra
899 2556 1009 2614 lineam
1033 2558 1080 2630 by,

53 2654 108 2707 aut
144 2644 210 2704 erit
245 2645 328 2702 entra
354 2645 464 2703 lineam
492 2646 535 2719 by.
589 2645 703 2705 Ponam
734 2646 838 2721 itaque
869 2646 1012 2721 primum,
1044 2648 1080 2703 ut

53 2736 160 2813 ipsum
193 2732 281 2791 sistet
308 2750 399 2808 supra
425 2733 536 2792 lineam
559 2736 606 2808 by.
657 2734 737 2811 Ergo
765 2734 845 2793 linea
868 2736 907 2808 ὁρ
939 2738 984 2792 est
1017 2733 1079 2790 dia-

53 2830 175 2884 metrus
207 2820 325 2896 circuli,
353 2825 384 2880 et
410 2824 545 2881 centrum
573 2827 618 2882 est
644 2823 677 2880 in
703 2823 801 2883 medio
824 2823 902 2881 linee
925 2825 965 2897 ὁρ
988 2839 1079 2897 supra

54 2915 209 2989 punctum
232 2927 257 2970 a.
299 2908 385 2979 Quod
408 2913 461 2985 est,
485 2911 557 2986 quia
579 2911 804 2971 circonferentia
823 2911 927 2970 circuli
945 2911 1077 2969 continet
1092 2927 1118 2966 ao

54 2999 253 3080 triangulum
275 3000 340 3073 obp
363 3001 393 3058 et
415 3000 526 3058 transit
547 3020 600 3076 per
622 3004 733 3076 puncta
756 3020 784 3075 a,
803 3002 829 3075 b,
845 3020 877 3075 με
901 3020 971 3077 ergo
990 3000 1078 3075 linea,

55 3111 114 3168 que
144 3086 321 3163 coniungit,
352 3088 433 3164 quod
465 3091 510 3147 est
540 3089 620 3148 inter
652 3089 709 3148 duo
737 3092 849 3165 puncta
872 3108 892 3148 a
920 3093 950 3148 et
972 3107 1000 3164 a,
1034 3091 1079 3147 est

54 3179 178 3257 equalis
207 3175 369 3252 unicuique
397 3176 525 3236 duarum
551 3177 697 3236 linearum
725 3180 762 3238 br
790 3181 820 3236 et
841 3197 887 3252 ap.
938 3178 979 3236 Et
1006 3176 1078 3252 quia

54 3269 228 3329 camenus
243 3263 350 3324 dividit
364 3266 548 3325 circulumin
557 3266 616 3326 duo
630 3267 737 3343 media,
752 3285 823 3344 ergo
832 3267 1001 3344 triangulus
1012 3268 1078 3339 obp

54 3363 99 3418 est
126 3357 162 3416 in
194 3353 389 3413 semicirculo.
439 3354 632 3414 Manifestum
664 3359 709 3414 est
737 3375 806 3433 ergo
840 3375 874 3413 ex
901 3355 1076 3431 probatione
1091 3367 1116 3408 as

124 3551 172 3600 25.
197 3540 277 3610 quod
291 3556 356 3594 vero
370 3558 430 3595 cnm
442 3541 586 3611 possibile.
608 3575 643 3586 -·
664 3548 708 3600 32.
723 3540 922 3613 coniungitur.
940 3573 977 3582 -
998 3559 1013 3612 q
1027 3542 1061 3593 ct
1073 3554 1099 3592 a.
