2340 3834
101 115 165 182 188
388 115 554 169 ANARITII
572 112 828 170 COMMENTARII

100 289 145 346 est
168 284 319 362 octoginta
343 288 373 342 et
394 302 431 343 rs
453 284 570 361 viginti,
594 288 624 343 et
642 289 686 343 toi
705 287 750 342 est
768 283 921 361 octoginta
940 282 1100 342 cubitorum

100 379 130 433 et
154 376 179 432 ti
202 376 247 431 est
268 372 377 450 viginti
400 373 579 432 cubitorum:
607 391 677 450 ergo
700 372 869 448 superficies
893 374 937 431 im
965 374 1010 431 est
1030 371 1166 432 mille

100 467 130 522 et
153 464 356 521 sexcentorum
379 462 552 521 cubitorum.
600 461 673 520 (tum
691 462 784 538 igitur
802 461 1002 536 acceperimus
1020 479 1053 518 ex
1073 479 1166 520 οε

101 551 286 628 superficiem
308 552 357 625 leh,
381 571 437 626 que
461 554 506 610 est
534 551 762 628 quingentorum
790 552 820 608 ot
846 549 1036 627 septuaginta
1061 567 1166 607 se:

63 657 87 697 :r
101 641 280 713 cubitorum,
306 639 472 698 remanebit
494 659 602 716 gnomo
626 641 717 698 lima
743 639 825 700 mille
853 639 963 715 viginti
987 640 1166 713 quatuo—r

101 730 279 803 cubitorum,
308 748 364 804 que
392 732 437 788 est
465 729 579 804 equalis
605 729 757 805 triangulo
777 747 805 802 y.
857 727 916 786 Sed
937 745 1044 804 gnomo
1066 725 1166 784 est

102 819 216 894 equalis
249 816 412 893 superficiei
436 837 494 892 oo,
527 836 597 895 ergo
626 816 793 892 superficies
822 835 866 875 aa
894 820 940 874 est
971 816 1050 874 mille
1078 811 1166 872 el

101 908 210 985 viginti
233 909 360 983 quatuor
383 907 557 982 cubitorum,
581 909 611 965 et
633 906 722 965 simul
744 924 832 981 super
854 905 965 963 lineam
988 906 1029 963 ol>
1055 898 1166 962 erit

102 996 271 1073 superficies
295 998 350 1070 bo,
383 1016 439 1072 que
468 998 513 1054 est
540 995 645 1054 similis
673 994 839 1070 superficiei
861 997 914 1068 da,
946 993 1025 1069 quod
1045 992 1129 1051 iu>
1145 1001 1166 1041 0

62 1105 88 1142 ro
103 1088 159 1162 est,
193 1082 335 1160 quoniam
357 1086 395 1143 ob
420 1087 464 1142 est
488 1087 567 1159 outo,
601 1087 631 1142 et
652 1101 694 1142 oo
718 1085 763 1143 est
783 1083 910 1160 triginta
932 1083 1004 1157 duo,
1035 1070 1166 1156 quwd

103 1179 148 1234 est
162 1175 360 1251 quadruplum
374 1175 426 1245 οὓς
446 1175 476 1230 et
489 1173 565 1230 illud
579 1175 631 1246 est,
650 1171 729 1248 quod
743 1172 944 1230 demonstrare
959 1171 1105 1230 voluimu
1112 1179 1166 1222 s.

190 1264 240 1321 De
262 1264 384 1339 figura
406 1253 634 1342 tricesimal)
679 1261 763 1319 Idem
786 1264 838 1336 est,
863 1260 924 1320 sivo
948 1260 988 1318 sit
1015 1268 1166 1335 supet·

102 1353 182 1412 ficies
201 1353 245 1410 ool
268 1350 433 1427 orthogona
456 1351 518 1409 sive
541 1369 610 1423 non,
633 1350 774 1424 quoniam
791 1350 876 1424 illud,
900 1349 979 1425 quod
1003 1350 1047 1407 est
1063 1357 1166 1405 ne·

104 1441 270 1514 cessarium,
294 1457 353 1496 non
377 1441 429 1513 est,
452 1440 510 1498 nisi
533 1442 567 1496 ut
585 1440 645 1498 sint
662 1440 758 1496 latera
777 1439 904 1513 equalis.
949 1436 1015 1495 Iam
1037 1421 1166 1512 que)d

64 1548 88 1586 15
103 1528 185 1604 dixit,
209 1531 243 1586 ut
265 1528 304 1586 sit
326 1527 410 1602 illud,
434 1527 513 1603 quod
536 1527 678 1602 additum,
702 1527 797 1586 simile
821 1525 995 1602 superficiei,
1017 1525 1049 1583 id
1070 1512 1166 1583 θεῖ

104 1621 160 1693 od,
187 1611 350 1694 <suffieit>,
378 1617 519 1692 quoniam
546 1617 601 1676 hoo
628 1616 822 1675 communiter
853 1610 1018 1694 <dicitur>,
1047 1619 1166 1672 eanffl1

103 1709 250 1765 rectorum
274 1706 450 1782 angulorum
477 1725 548 1765 esse.
599 1704 683 1773 Quod
711 1705 737 1764 si
763 1704 851 1762 aliter
877 1704 1004 1762 intentio
1033 1691 1166 1762 osseis

104 1795 162 1854 nisi
185 1796 229 1852 oei
255 1795 333 1851 foret
359 1787 507 1852 rectorum
535 1794 723 1871 angulorum,
752 1796 829 1852 esset
856 1793 919 1852 eius
947 1792 1058 1851 dictum
1083 1785 1166 1848 ἰ]

105 1883 219 1943 addito:
253 1885 403 1958 opportet,
430 1886 464 1940 ut
491 1883 531 1941 sit
559 1883 738 1958 quadratum
759 1885 908 1940 rectorum
930 1881 1165 1958 angulorum

65 1989 91 2028 ao
194 1971 243 2029 Do
275 1972 459 2031 tricesima
492 1971 646 2030 seeundo
678 1963 840 2049 figura.²)
903 1969 1166 2028 Testimoniw

106 2062 169 2121 eius
196 2061 239 2119 ita
267 2064 320 2118 est.
375 2059 461 2129 Quod
488 2061 640 2136 proportio
668 2060 762 2135 prime
783 2061 825 2133 pb
853 2060 891 2116 ad
919 2059 1044 2116 terciam
1067 2041 1166 2116 bati

105 2171 173 2211 cum
196 2150 235 2208 sit
253 2144 373 2228 (siout)
391 2150 544 2225 proportio
563 2149 668 2208 similis
687 2148 825 2207 adiuncto
845 2149 883 2205 ad
900 2147 1037 2223 primam,
1061 2149 1166 2222 q19⁴

106 2243 151 2298 est
171 2241 226 2314 pb,
254 2240 293 2296 ad
316 2238 442 2297 similem
465 2238 637 2296 adiunctam
660 2238 698 2294 ad
722 2237 890 2311 secundam,
913 2255 972 2312 que
997 2239 1041 2294 est
1064 2236 1163 2293 aa

107 2333 137 2388 et
159 2327 296 2387 similiter
318 2327 471 2403 proportio
494 2327 598 2402 prime,
622 2345 679 2402 que
704 2330 749 2384 ost
771 2328 819 2399 by,
842 2325 881 2383 ad
903 2324 1037 2399 terciam,
1061 2325 1166 2399 qud<

66 2433 92 2472 as
107 2422 152 2476 est
176 2418 233 2491 pei,
261 2420 306 2474 est
333 2416 411 2474 sieut
437 2416 590 2491 proportio
619 2414 723 2474 similis
751 2414 889 2472 adiuncto
918 2415 956 2471 ad
984 2414 1166 2489 primafflr

108 2526 165 2582 que
190 2508 235 2563 est
257 2505 310 2580 by,
338 2505 376 2562 ad
404 2503 530 2562 similem
558 2503 729 2562 adiunctam
751 2498 832 2581 (ad)
859 2503 1033 2576 seeundum,
1061 2501 1166 2577 q131⁰

179 2715 203 2762 8.
223 2709 312 2762 erunt.
332 2740 366 2748 —
387 2713 427 2761 16,
448 2705 592 2778 quoniam]
612 2724 704 2775 quam.

180 2924 206 2991 1)
233 2921 368 2974 Euournus
388 2919 438 2987 Vl,
463 2925 496 2972 30
525 2918 655 2988 (crurum
673 2920 724 2988 VI,
748 2927 793 2987 293
822 2919 969 2973 Humuusrr
987 2919 1038 2987 VI,
1063 2916 1138 2985 30)=

111 2994 263 3064 Quamlibet
285 2992 385 3046 lineam
403 2992 573 3060 propositam
591 2993 736 3045 serrarium
755 2994 960 3062 proportionem
982 2991 1131 3045 haberem

74 3123 88 3132 ¹,
107 3066 224 3119 inedium
243 3070 267 3118 et
283 3063 338 3116 diro
356 3069 474 3117 extrema
492 3078 587 3117 secare.

180 3137 206 3204 2)
229 3134 365 3187 Euouruus
383 3133 434 3200 VI,
458 3139 491 3185 32
516 3131 646 3200 (Genesar
669 3135 698 3186 et
724 3133 868 3185 Humuaorr
886 3132 937 3200 VI,
963 3137 1009 3201 31,
1034 3141 1118 3199 quare

108 3209 261 3260 Arimrrurr
279 3203 499 3274 propositionem
517 3203 564 3270 VI,
579 3209 612 3256 30
632 3203 752 3257 crurum
768 3203 799 3256 in
818 3203 917 3257 eadem
935 3202 998 3257 loeo
1016 3201 1116 3272 legisse

107 3279 211 3348 pateo:
243 3277 281 3330 Ia
303 3277 377 3330 omni
399 3277 537 3346 triaapuio
558 3276 715 3346 reetaopalo
737 3276 891 3343 superficies
914 3275 1021 3340 lateris,
1048 3269 1114 3343 quod

108 3349 280 3405 subtenditur
293 3348 395 3417 aupulo
407 3354 487 3414 reete,
505 3348 608 3415 equalis
621 3353 659 3401 est
671 3347 860 3416 superficiebus
874 3347 990 3400 deorum
1005 3346 1111 3399 laterem

104 3422 240 3492 aepulare
250 3425 351 3475 rectum
365 3419 561 3476 continentium
574 3419 678 3488 pariter
692 3418 814 3485 acceptia,
829 3434 889 3471 arro
902 3417 1007 3484 fuerint
1018 3415 1111 3470 similer

94 3495 124 3548 er'
139 3494 173 3549 rie
191 3493 347 3551 leireotioae
364 3499 391 3551 et
410 3492 558 3550 creatione.
