2340 3834
63 159 90 213 X
428 157 710 214 PROLEGOMENA.

136 319 229 373 Codex
251 318 340 388 igitur
362 323 413 372 569
438 318 506 389 (DD.
525 317 571 372 IV.
592 321 635 388 19)
658 317 853 372 Bibliothecae
876 317 1073 372 Universitatis

65 398 255 453 Cracoviensis
274 400 317 452 est
334 413 520 467 pergamenus
537 398 568 452 in
586 397 655 453 folio
674 399 749 452 latus
769 405 816 468 20,
840 399 915 453 altus
935 404 968 452 27
988 399 1075 452 centi-

64 482 162 534 metra.
191 478 316 547 Scriptus
336 480 379 532 est
392 477 484 547 longis
498 477 623 532 versibus
639 481 685 548 (64
697 495 749 547 pro
763 478 878 549 pagina)
893 496 949 532 una
964 478 1076 532 eadem-

64 575 119 627 que
140 576 226 613 manu
244 558 309 612 XIV
328 556 440 611 saeculi.
487 557 612 627 Paginae
635 557 755 625 impares
779 557 933 626 imparibus
952 558 1074 611 numeris

65 644 169 692 1-401
189 640 379 706 numerantur,
398 652 480 706 pares
500 639 594 692 autem
612 637 734 706 paginae
747 637 870 691 numeris
885 640 988 692 carent.
1016 638 1075 690 Ad-

65 718 169 772 duntur
196 717 251 771 tria
279 717 349 771 folia
376 733 479 786 vacua,
511 720 544 771 ut
575 719 652 771 totus
684 734 815 771 numerus
842 718 1010 787 paginarum
1038 717 1075 771 sit

63 803 116 852 408
127 825 160 844 =
171 803 223 853 204
236 796 376 852 foliorum.
406 796 530 851 Primum
544 800 638 851 autem
653 799 682 851 et
696 797 826 851 ultimum
835 797 934 852 folium
944 814 961 851 a
972 797 1074 851 biblio·

63 895 137 947 pega
156 877 247 931 solum
265 876 337 931 talia
357 876 456 931 addita
475 879 548 945 suut,
568 875 664 944 qualia
677 877 762 931 hodie
780 877 1012 945 „oenacensem
1024 894 1075 931 no-

63 957 171 1010 minare
195 955 328 1026 solemus,
348 959 449 1024 'neque
472 973 535 1009 cum
559 955 664 1024 aliquo·
676 957 745 1011 folio
769 957 878 1026 primae
895 957 940 1010 vel
958 957 1074 1011 ultimae

63 1035 256 1104 quaternionis
280 1036 438 1090 cohaerent.
481 1034 683 1101 Quaterniones
703 1036 831 1107 singulae
851 1037 882 1090 in
899 1036 1005 1090 ultimis
1024 1054 1073 1106 pa·

63 1117 138 1186 ginis
161 1118 268 1172 talibus
289 1117 364 1172 notis
387 1115 539 1186 insignitae
563 1119 639 1186 sunt,
663 1117 761 1184 quales
781 1118 873 1171 Scxuu
895 1116 926 1170 in
949 1133 1000 1170 sua
1023 1116 1074 1170 Co-

65 1197 160 1253 dicum
182 1197 433 1266 Amplonianorum
461 1195 648 1265 descriptione
670 1198 960 1265 ,‚Ectwortcustodea“
984 1196 1074 1250 nomi-

64 1277 153 1332 navit.
163 1278 182 1347 1)
224 1278 349 1331 Primum
371 1275 471 1330 folium
499 1275 567 1329 olim
589 1276 731 1331 involucro
755 1276 965 1348 agglutinatum
986 1275 1073 1330 fuisse

63 1360 141 1411 certa
159 1357 279 1427 vestigia
298 1357 414 1425 adsunt,
433 1372 519 1424 quare
537 1355 568 1408 in
584 1356 676 1425 prima
694 1356 800 1426 pagina
818 1356 922 1425 scripta
940 1354 999 1424 legi
1017 1372 1074 1409 non

62 1438 188 1504 possunt.
226 1437 286 1490 Hoc
310 1437 404 1490 autem
426 1434 504 1503 prius
522 1435 629 1489 factum
652 1451 711 1489 esse
733 1437 857 1506 constat,
880 1451 966 1503 quam
985 1434 1074 1488 codex

62 1516 198 1571 hodierno
212 1517 374 1585 tegumento
389 1513 483 1584 ligneo
499 1514 574 1568 corio
589 1513 819 1584 impressionibus
830 1516 929 1568 ornato
940 1517 1072 1583 cooperto

63 1613 120 1650 non
139 1598 204 1650 ante
223 1595 367 1649 saeculum
385 1594 450 1649 XVI
473 1598 620 1650 exeuntem
637 1594 762 1648 munitus
786 1597 836 1649 est.
879 1594 956 1659 Quae
976 1595 1007 1647 in
1031 1612 1073 1649 se-

66 1674 159 1728 cunda
176 1673 283 1744 pagina
301 1673 406 1742 scripta
424 1674 568 1744 leguntur,
590 1675 730 1743 quaedam
748 1674 784 1728 ad
802 1673 950 1728 historiam
968 1674 1072 1729 codicis

62 1753 221 1822 spectantia
238 1753 382 1822 praebent.
416 1754 460 1808 Ad
478 1754 601 1809 indicem
620 1754 694 1808 enim
712 1757 907 1808 contentorum
924 1753 955 1806 in
973 1752 1071 1807 codice

62 1832 122 1886 alia
139 1851 239 1886 manus
258 1833 421 1902 adscripsit:

186 1931 246 1985 Hoc
264 1933 401 2001 scripturo
420 1939 458 1986 est
476 1932 603 1986 Doctores
620 1930 730 1984 Marum
749 1950 784 1984 on
803 1931 948 1998 Mmcnow,

64 2027 217 2095 eademque
236 2045 321 2082 manu
341 2028 466 2083 additur:

97 2125 191 2179 Datos
204 2141 258 2195 pro
272 2125 401 2181 Librerio
419 2127 610 2181 Unioemitatis
627 2127 714 2194 studij
729 2126 875 2182 Orocooier':
887 2143 938 2195 per
956 2125 1040 2179 Vene-

92 2203 203 2263 rcb'dem
216 2205 368 2260 Dominum
377 2206 520 2262 Doctorem
534 2205 665 2259 Mnumnu
673 2225 709 2258 nn
718 2205 855 2259 Mmonow
871 2205 1040 2260 Canopicum

489 2286 643 2340 Orocooiert.

132 2380 176 2434 Ad
195 2381 267 2435 hano
285 2384 382 2435 notam
400 2381 571 2436 clarissimus
589 2383 632 2435 vir
649 2383 763 2436 Iosunns
778 2382 911 2435 Baoscius
929 2381 1000 2436 haec
1018 2383 1068 2436 ad-

60 2460 185 2529 scripsit:

61 2620 88 2671 p.
109 2608 191 2658 7—8:
214 2602 282 2672 „Ma
301 2601 396 2672 Digby
415 2603 494 2656 16828
511 2602 641 2672 (catalog
659 2566 821 2658 vsMnan
838 2621 865 2671 p.
878 2607 939 2672 175)
959 2603 1069 2657 enth‘alt

63 2672 110 2726 ein
125 2673 224 2728 sedek:
242 2673 284 2726 De
299 2673 473 2743 expositione
486 2673 535 2729 lib.
551 2674 680 2728 Eucmms
700 2674 734 2727 de
748 2673 902 2743 geometria
917 2673 1069 2728 secundum

62 2744 215 2798 Amanum
219 2743 286 2867 {sim
300 2743 474 2813 beginnend:
494 2744 798 2814 ‚‚Snunnn1cmusetc.“;
816 2744 946 2799 letzterer
959 2744 1069 2798 Namen

60 2815 99 2869 ist
123 2815 195 2868 ohne
239 2814 332 2868 weifel
359 2815 421 2869 eine
449 2833 499 2871 aus
528 2815 591 2869 dem
613 2815 788 2870 Arabisohen
811 2814 984 2869 stammende
1002 2815 1067 2868 Um-

61 2885 230 2954 schreibung
252 2902 306 2939 von
329 2886 488 2941 Snffmcms.
530 2887 562 2939 In
585 2886 649 2940 dem
671 2887 781 2940 Nomen
803 2886 950 2940 Aumzms
975 2886 1067 2941 steckt

61 2957 162 3010 ho'chst
179 2956 412 3010 wahrscheinlieh
430 2958 590 3026 Aurarrma
614 2958 640 3012 d.
655 2957 673 3012 i.
694 2957 743 3012 der
763 2957 905 3011 bekannte
924 2955 1068 3011 Commen-

60 3029 136 3081 tator
157 3027 278 3095 Numan
305 3027 336 3081 in
363 3028 413 3082 der
434 3028 511 3082 Liste
535 3028 584 3081 der
605 3016 833 3097 Ubenetzungen
856 3027 991 3082 Guarnn's
1014 3047 1068 3083 vor

61 3098 197 3164 Canuoun,
216 3099 264 3152 Nr.
277 3104 309 3152 15
327 3098 413 3153 heisst
427 3116 455 3153 es
474 3099 577 3166 „Liber
590 3101 707 3154 aaoritic‘
722 3117 803 3168 super
816 3100 961 3154 Euclidem
974 3105 1007 3154 tr.
1018 3101 1040 3152 I
1040 3105 1067 3153 “.

60 3168 130 3223 Eine
140 3169 323 3223 Handsohrift
334 3169 424 3224 dieser
432 3159 626 3238 Ubersetzung
638 3169 677 3224 ist
687 3169 839 3239 allerdings
853 3169 898 3224 bis
908 3169 981 3240 jetzt
994 3171 1068 3224 noch

60 3239 378 3364 niclfitlnachgewiesen.
407 3240 495 3295 Sollte
513 3241 564 3298 Ms,
579 3240 674 3310 Digby
693 3240 739 3295 ein
751 3242 903 3310 Fragment
921 3240 1069 3295 derselben

60 3313 108 3365 ent
129 3314 223 3366 aten?

133 3385 159 3451 1)
177 3383 314 3437 Wmnauu
333 3382 437 3452 Senon,
460 3382 697 3437 Besohreibendes
716 3381 909 3437 Verzeichniss
934 3382 983 3436 der
1000 3382 1066 3435 Am-

61 3452 275 3522 plonianischen
288 3453 684 3523 Handschriften-Sammlung
703 3470 736 3507 zu
750 3453 852 3508 Erfurt.
878 3453 974 3508 Berlin
989 3459 1068 3509 1887.

59 3542 86 3593 p.
103 3531 116 3578 1
136 3527 192 3580 not.
210 3531 232 3580 1.
