<?xml version="1.0" encoding="UTF-8"?>
<!DOCTYPE html PUBLIC "-//W3C//DTD XHTML 1.0 Transitional//EN"
    "http://www.w3.org/TR/xhtml1/DTD/xhtml1-transitional.dtd">
<html xmlns="http://www.w3.org/1999/xhtml" xml:lang="en" lang="en">
 <head>
  <title>
</title>
<meta http-equiv="Content-Type" content="text/html;charset=utf-8" />
  <meta name='ocr-system' content='tesseract 3.04.00' />
  <meta name='ocr-capabilities' content='ocr_page ocr_carea ocr_par ocr_line ocrx_word'/>
</head>
<body>
  <div class='ocr_page' id='page_1' title='image "./euclidisoperaom14unkngoog_0265.png"; bbox 0 0 2340 3834; ppageno 0'>
   <div class='ocr_carea' id='block_1_1' title="bbox 97 200 824 270">
    <p class='ocr_par' dir='ltr' id='par_1_1' title="bbox 97 200 824 270">
     <span class='ocr_line' id='line_1_1' title="bbox 97 200 824 270; baseline -0.021 0"><span class='ocrx_word' id='word_1_1' title='bbox 97 204 162 270; x_wconf 78' lang='lat'>228</span> <span class='ocrx_word' id='word_1_2' title='bbox 384 200 824 257; x_wconf 77' lang='lat' dir='ltr'>nularrnoonnnuurlan</span> 
     </span>
    </p>
   </div>
   <div class='ocr_carea' id='block_1_2' title="bbox 63 369 1164 2224">
    <p class='ocr_par' dir='ltr' id='par_1_2' title="bbox 63 369 1164 2224">
     <span class='ocr_line' id='line_1_2' title="bbox 97 369 1139 449; baseline -0.003 -18"><span class='ocrx_word' id='word_1_3' title='bbox 97 372 254 432; x_wconf 90' lang='lat' dir='ltr'>rationalis</span> <span class='ocrx_word' id='word_1_4' title='bbox 277 371 309 428; x_wconf 93' lang='lat' dir='ltr'>in</span> <span class='ocrx_word' id='word_1_5' title='bbox 332 371 528 449; x_wconf 80' lang='lat' dir='ltr'>longitudine,</span> <span class='ocrx_word' id='word_1_6' title='bbox 550 371 631 429; x_wconf 82' lang='lat' dir='ltr'>linea</span> <span class='ocrx_word' id='word_1_7' title='bbox 653 370 783 447; x_wconf 77' lang='lat' dir='ltr'>igiturlr</span> <span class='ocrx_word' id='word_1_8' title='bbox 804 388 865 428; x_wconf 91' lang='lat' dir='ltr'>non</span> <span class='ocrx_word' id='word_1_9' title='bbox 889 372 934 428; x_wconf 91' lang='lat' dir='ltr'>est</span> <span class='ocrx_word' id='word_1_10' title='bbox 951 369 1139 428; x_wconf 54' lang='lat' dir='ltr'>rationali&amp;</span> 
     </span>
     <span class='ocr_line' id='line_1_3' title="bbox 99 458 1114 537; baseline -0.003 -17"><span class='ocrx_word' id='word_1_11' title='bbox 99 463 131 520; x_wconf 95' lang='lat' dir='ltr'>in</span> <span class='ocrx_word' id='word_1_12' title='bbox 149 459 344 537; x_wconf 74' lang='lat' dir='ltr'>longitudine,</span> <span class='ocrx_word' id='word_1_13' title='bbox 362 479 457 536; x_wconf 87' lang='lat' dir='ltr'>neque</span> <span class='ocrx_word' id='word_1_14' title='bbox 477 463 522 518; x_wconf 89' lang='lat' dir='ltr'>est</span> <span class='ocrx_word' id='word_1_15' title='bbox 535 460 690 520; x_wconf 84' lang='lat' dir='ltr'>rationalis</span> <span class='ocrx_word' id='word_1_16' title='bbox 708 459 767 517; x_wconf 92' lang='lat' dir='ltr'>nisi</span> <span class='ocrx_word' id='word_1_17' title='bbox 780 458 962 534; x_wconf 86' lang='lat' dir='ltr'>inpotentia</span> <span class='ocrx_word' id='word_1_18' title='bbox 975 461 1114 517; x_wconf 84' lang='lat' dir='ltr'>tanturn:</span> 
     </span>
     <span class='ocr_line' id='line_1_4' title="bbox 100 547 1113 626; baseline -0.002 -19"><span class='ocrx_word' id='word_1_19' title='bbox 100 569 170 626; x_wconf 83' lang='lat' dir='ltr'>ergo</span> <span class='ocrx_word' id='word_1_20' title='bbox 194 549 251 607; x_wconf 85' lang='lat' dir='ltr'>due</span> <span class='ocrx_word' id='word_1_21' title='bbox 274 549 351 607; x_wconf 83' lang='lat' dir='ltr'>lineo</span> <span class='ocrx_word' id='word_1_22' title='bbox 374 551 507 608; x_wconf 77' lang='lat' dir='ltr'>doeth</span> <span class='ocrx_word' id='word_1_23' title='bbox 535 551 604 607; x_wconf 93' lang='lat' dir='ltr'>sunt</span> <span class='ocrx_word' id='word_1_24' title='bbox 625 547 787 607; x_wconf 72' lang='lat' dir='ltr'>rationales</span> <span class='ocrx_word' id='word_1_25' title='bbox 810 547 842 604; x_wconf 92' lang='lat' dir='ltr'>in</span> <span class='ocrx_word' id='word_1_26' title='bbox 864 547 1002 623; x_wconf 88' lang='lat' dir='ltr'>potentia</span> <span class='ocrx_word' id='word_1_27' title='bbox 1026 551 1057 606; x_wconf 90' lang='lat' dir='ltr'>et</span> <span class='ocrx_word' id='word_1_28' title='bbox 1078 548 1113 605; x_wconf 87' lang='lat' dir='ltr'>in</span> 
     </span>
     <span class='ocr_line' id='line_1_5' title="bbox 101 636 1111 712; baseline -0.002 -16"><span class='ocrx_word' id='word_1_29' title='bbox 101 657 136 696; x_wconf 89' lang='lat' dir='ltr'>ea</span> <span class='ocrx_word' id='word_1_30' title='bbox 157 641 278 697; x_wconf 89' lang='lat' dir='ltr'>tantum</span> <span class='ocrx_word' id='word_1_31' title='bbox 300 638 557 697; x_wconf 83' lang='lat' dir='ltr'>communicantes.</span> <span class='ocrx_word' id='word_1_32' title='bbox 598 637 639 695; x_wconf 81' lang='lat' dir='ltr'>Et</span> <span class='ocrx_word' id='word_1_33' title='bbox 662 637 762 711; x_wconf 85' lang='lat' dir='ltr'>etiarn,</span> <span class='ocrx_word' id='word_1_34' title='bbox 785 637 856 712; x_wconf 90' lang='lat' dir='ltr'>quia</span> <span class='ocrx_word' id='word_1_35' title='bbox 878 636 1033 712; x_wconf 77' lang='lat' dir='ltr'>proportio</span> <span class='ocrx_word' id='word_1_36' title='bbox 1058 656 1111 695; x_wconf 93' lang='lat' dir='ltr'>nu·</span> 
     </span>
     <span class='ocr_line' id='line_1_6' title="bbox 74 724 1164 801; baseline 0.003 -21"><span class='ocrx_word' id='word_1_37' title='bbox 74 727 176 785; x_wconf 74' lang='lat' dir='ltr'>umeri</span> <span class='ocrx_word' id='word_1_38' title='bbox 203 729 245 786; x_wconf 84' lang='lat' dir='ltr'>bo</span> <span class='ocrx_word' id='word_1_39' title='bbox 277 727 315 784; x_wconf 82' lang='lat' dir='ltr'>ad</span> <span class='ocrx_word' id='word_1_40' title='bbox 342 747 499 785; x_wconf 78' lang='lat' dir='ltr'>numenim</span> <span class='ocrx_word' id='word_1_41' title='bbox 527 729 566 800; x_wconf 78' lang='lat' dir='ltr'>bp</span> <span class='ocrx_word' id='word_1_42' title='bbox 598 729 642 784; x_wconf 87' lang='lat' dir='ltr'>est</span> <span class='ocrx_word' id='word_1_43' title='bbox 674 726 751 784; x_wconf 87' lang='lat' dir='ltr'>siout</span> <span class='ocrx_word' id='word_1_44' title='bbox 782 725 937 800; x_wconf 83' lang='lat' dir='ltr'>proportio</span> <span class='ocrx_word' id='word_1_45' title='bbox 969 724 1111 801; x_wconf 84' lang='lat' dir='ltr'>quadrati</span> <span class='ocrx_word' id='word_1_46' title='bbox 1160 764 1164 801; x_wconf 37' lang='grc' dir='ltr'>ἓ</span> 
     </span>
     <span class='ocr_line' id='line_1_7' title="bbox 100 813 1112 890; baseline -0.003 -15"><span class='ocrx_word' id='word_1_47' title='bbox 100 815 174 874; x_wconf 85' lang='lat' dir='ltr'>faeti</span> <span class='ocrx_word' id='word_1_48' title='bbox 202 836 237 873; x_wconf 85' lang='lat' dir='ltr'>ex</span> <span class='ocrx_word' id='word_1_49' title='bbox 262 815 343 873; x_wconf 88' lang='lat' dir='ltr'>linea</span> <span class='ocrx_word' id='word_1_50' title='bbox 370 817 409 874; x_wconf 83' lang='lat' dir='ltr'>de</span> <span class='ocrx_word' id='word_1_51' title='bbox 441 816 479 874; x_wconf 85' lang='lat' dir='ltr'>ad</span> <span class='ocrx_word' id='word_1_52' title='bbox 506 816 685 890; x_wconf 87' lang='lat' dir='ltr'>quadratum</span> <span class='ocrx_word' id='word_1_53' title='bbox 712 815 825 872; x_wconf 81' lang='lat' dir='ltr'>laetum</span> <span class='ocrx_word' id='word_1_54' title='bbox 852 833 888 872; x_wconf 85' lang='lat' dir='ltr'>ex</span> <span class='ocrx_word' id='word_1_55' title='bbox 915 813 997 872; x_wconf 88' lang='lat' dir='ltr'>linea</span> <span class='ocrx_word' id='word_1_56' title='bbox 1019 833 1050 888; x_wconf 71' lang='lat' dir='ltr'>a,</span> <span class='ocrx_word' id='word_1_57' title='bbox 1085 817 1112 872; x_wconf 89' lang='lat' dir='ltr'>et</span> 
     </span>
     <span class='ocr_line' id='line_1_8' title="bbox 100 902 1113 981; baseline 0 -19"><span class='ocrx_word' id='word_1_58' title='bbox 100 905 254 981; x_wconf 88' lang='lat' dir='ltr'>proportio</span> <span class='ocrx_word' id='word_1_59' title='bbox 277 905 393 962; x_wconf 88' lang='lat' dir='ltr'>numeri</span> <span class='ocrx_word' id='word_1_60' title='bbox 416 906 457 963; x_wconf 81' lang='lat' dir='ltr'>ob</span> <span class='ocrx_word' id='word_1_61' title='bbox 484 904 522 961; x_wconf 87' lang='lat' dir='ltr'>ad</span> <span class='ocrx_word' id='word_1_62' title='bbox 544 923 702 961; x_wconf 84' lang='lat' dir='ltr'>numerum</span> <span class='ocrx_word' id='word_1_63' title='bbox 724 905 764 976; x_wconf 79' lang='lat' dir='ltr'>tp</span> <span class='ocrx_word' id='word_1_64' title='bbox 789 906 834 961; x_wconf 88' lang='lat' dir='ltr'>est</span> <span class='ocrx_word' id='word_1_65' title='bbox 857 902 935 961; x_wconf 89' lang='lat' dir='ltr'>siout</span> <span class='ocrx_word' id='word_1_66' title='bbox 956 903 1113 979; x_wconf 86' lang='lat' dir='ltr'>proportio</span> 
     </span>
     <span class='ocr_line' id='line_1_9' title="bbox 101 991 1114 1068; baseline -0.001 -17"><span class='ocrx_word' id='word_1_67' title='bbox 101 993 217 1051; x_wconf 89' lang='lat' dir='ltr'>numeri</span> <span class='ocrx_word' id='word_1_68' title='bbox 239 992 377 1067; x_wconf 85' lang='lat' dir='ltr'>quadrati</span> <span class='ocrx_word' id='word_1_69' title='bbox 405 993 617 1050; x_wconf 86' lang='lat' dir='ltr'>adnumerum</span> <span class='ocrx_word' id='word_1_70' title='bbox 640 991 833 1068; x_wconf 83' lang='lat' dir='ltr'>quadratum:</span> <span class='ocrx_word' id='word_1_71' title='bbox 861 1010 932 1068; x_wconf 84' lang='lat' dir='ltr'>ergo</span> <span class='ocrx_word' id='word_1_72' title='bbox 955 992 1114 1068; x_wconf 88' lang='lat' dir='ltr'>proportio</span> 
     </span>
     <span class='ocr_line' id='line_1_10' title="bbox 102 1080 1117 1158; baseline -0.001 -18"><span class='ocrx_word' id='word_1_73' title='bbox 102 1081 243 1158; x_wconf 84' lang='lat' dir='ltr'>quadrati</span> <span class='ocrx_word' id='word_1_74' title='bbox 265 1083 305 1140; x_wconf 80' lang='lat' dir='ltr'>de</span> <span class='ocrx_word' id='word_1_75' title='bbox 332 1081 370 1138; x_wconf 89' lang='lat' dir='ltr'>ad</span> <span class='ocrx_word' id='word_1_76' title='bbox 400 1081 578 1156; x_wconf 87' lang='lat' dir='ltr'>quadratum</span> <span class='ocrx_word' id='word_1_77' title='bbox 600 1098 617 1140; x_wconf 69' lang='lat' dir='ltr'>a</span> <span class='ocrx_word' id='word_1_78' title='bbox 645 1083 690 1138; x_wconf 90' lang='lat' dir='ltr'>est</span> <span class='ocrx_word' id='word_1_79' title='bbox 717 1080 793 1138; x_wconf 87' lang='lat' dir='ltr'>siout</span> <span class='ocrx_word' id='word_1_80' title='bbox 815 1080 970 1155; x_wconf 86' lang='lat' dir='ltr'>proportio</span> <span class='ocrx_word' id='word_1_81' title='bbox 995 1081 1117 1139; x_wconf 90' lang='lat' dir='ltr'>numeri</span> 
     </span>
     <span class='ocr_line' id='line_1_11' title="bbox 63 1168 1118 1246; baseline 0.001 -18"><span class='ocrx_word' id='word_1_82' title='bbox 63 1184 89 1222; x_wconf 87' lang='lat'>10</span> <span class='ocrx_word' id='word_1_83' title='bbox 104 1170 243 1246; x_wconf 85' lang='lat' dir='ltr'>quadrati</span> <span class='ocrx_word' id='word_1_84' title='bbox 267 1170 305 1227; x_wconf 85' lang='lat' dir='ltr'>ad</span> <span class='ocrx_word' id='word_1_85' title='bbox 328 1189 483 1227; x_wconf 89' lang='lat' dir='ltr'>numerum</span> <span class='ocrx_word' id='word_1_86' title='bbox 505 1168 693 1244; x_wconf 86' lang='lat' dir='ltr'>quadratum,</span> <span class='ocrx_word' id='word_1_87' title='bbox 716 1188 786 1245; x_wconf 85' lang='lat' dir='ltr'>ergo</span> <span class='ocrx_word' id='word_1_88' title='bbox 810 1171 849 1228; x_wconf 81' lang='lat' dir='ltr'>de</span> <span class='ocrx_word' id='word_1_89' title='bbox 876 1169 1118 1228; x_wconf 73' lang='lat' dir='ltr'>communicata</span> 
     </span>
     <span class='ocr_line' id='line_1_12' title="bbox 103 1258 1118 1336; baseline 0.002 -20"><span class='ocrx_word' id='word_1_90' title='bbox 103 1259 134 1317; x_wconf 96' lang='lat' dir='ltr'>in</span> <span class='ocrx_word' id='word_1_91' title='bbox 161 1258 356 1336; x_wconf 85' lang='lat' dir='ltr'>longitudine.</span> <span class='ocrx_word' id='word_1_92' title='bbox 406 1258 486 1333; x_wconf 82' lang='lat' dir='ltr'>Ergo</span> <span class='ocrx_word' id='word_1_93' title='bbox 510 1258 549 1315; x_wconf 85' lang='lat' dir='ltr'>de</span> <span class='ocrx_word' id='word_1_94' title='bbox 576 1260 675 1333; x_wconf 84' lang='lat' dir='ltr'>potest</span> <span class='ocrx_word' id='word_1_95' title='bbox 698 1275 789 1333; x_wconf 88' lang='lat' dir='ltr'>supra</span> <span class='ocrx_word' id='word_1_96' title='bbox 810 1259 829 1316; x_wconf 76' lang='lat' dir='ltr'>t</span> <span class='ocrx_word' id='word_1_97' title='bbox 857 1277 924 1316; x_wconf 87' lang='lat' dir='ltr'>oum</span> <span class='ocrx_word' id='word_1_98' title='bbox 949 1261 1118 1334; x_wconf 83' lang='lat' dir='ltr'>augmento</span> 
     </span>
     <span class='ocr_line' id='line_1_13' title="bbox 103 1342 1119 1425; baseline 0 -20"><span class='ocrx_word' id='word_1_99' title='bbox 103 1342 284 1425; x_wconf 83' lang='lat' dir='ltr'>&lt;quadrati&gt;</span> <span class='ocrx_word' id='word_1_100' title='bbox 312 1346 389 1403; x_wconf 88' lang='lat' dir='ltr'>linee</span> <span class='ocrx_word' id='word_1_101' title='bbox 422 1346 664 1405; x_wconf 79' lang='lat' dir='ltr'>communicantis</span> <span class='ocrx_word' id='word_1_102' title='bbox 697 1345 754 1404; x_wconf 89' lang='lat' dir='ltr'>sibi</span> <span class='ocrx_word' id='word_1_103' title='bbox 784 1346 816 1403; x_wconf 93' lang='lat' dir='ltr'>in</span> <span class='ocrx_word' id='word_1_104' title='bbox 847 1346 1053 1425; x_wconf 81' lang='lat' dir='ltr'>longitndine3</span> <span class='ocrx_word' id='word_1_105' title='bbox 1087 1351 1119 1405; x_wconf 89' lang='lat' dir='ltr'>et</span> 
     </span>
     <span class='ocr_line' id='line_1_14' title="bbox 102 1433 762 1509; baseline 0 -15"><span class='ocrx_word' id='word_1_106' title='bbox 102 1436 180 1494; x_wconf 85' lang='lat' dir='ltr'>illud</span> <span class='ocrx_word' id='word_1_107' title='bbox 203 1438 255 1509; x_wconf 80' lang='lat' dir='ltr'>est,</span> <span class='ocrx_word' id='word_1_108' title='bbox 279 1433 358 1508; x_wconf 90' lang='lat' dir='ltr'>quod</span> <span class='ocrx_word' id='word_1_109' title='bbox 381 1433 580 1492; x_wconf 84' lang='lat' dir='ltr'>demonstrare</span> <span class='ocrx_word' id='word_1_110' title='bbox 602 1434 762 1494; x_wconf 75' lang='lat' dir='ltr'>voluimus,</span> 
     </span>
     <span class='ocr_line' id='line_1_15' title="bbox 191 1523 1120 1598; baseline 0.003 -19"><span class='ocrx_word' id='word_1_111' title='bbox 191 1523 281 1581; x_wconf 88' lang='lat' dir='ltr'>Volo</span> <span class='ocrx_word' id='word_1_112' title='bbox 323 1523 527 1596; x_wconf 82' lang='lat' dir='ltr'>ostendere,</span> <span class='ocrx_word' id='word_1_113' title='bbox 574 1523 731 1598; x_wconf 88' lang='lat' dir='ltr'>qualiter</span> <span class='ocrx_word' id='word_1_114' title='bbox 770 1523 1005 1582; x_wconf 81' lang='lat' dir='ltr'>inveniantur</span> <span class='ocrx_word' id='word_1_115' title='bbox 1050 1524 1120 1582; x_wconf 87' lang='lat' dir='ltr'>due</span> 
     </span>
     <span class='ocr_line' id='line_1_16' title="bbox 66 1610 1121 1685; baseline 0.005 -20"><span class='ocrx_word' id='word_1_116' title='bbox 66 1624 91 1665; x_wconf 80' lang='lat'>15</span> <span class='ocrx_word' id='word_1_117' title='bbox 105 1613 199 1670; x_wconf 92' lang='lat' dir='ltr'>linee</span> <span class='ocrx_word' id='word_1_118' title='bbox 222 1610 422 1669; x_wconf 80' lang='lat' dir='ltr'>rationales</span> <span class='ocrx_word' id='word_1_119' title='bbox 450 1614 484 1669; x_wconf 91' lang='lat' dir='ltr'>et</span> <span class='ocrx_word' id='word_1_120' title='bbox 505 1611 542 1667; x_wconf 90' lang='lat' dir='ltr'>in</span> <span class='ocrx_word' id='word_1_121' title='bbox 563 1612 729 1685; x_wconf 84' lang='lat' dir='ltr'>potentia</span> <span class='ocrx_word' id='word_1_122' title='bbox 754 1613 897 1670; x_wconf 86' lang='lat' dir='ltr'>tanturn</span> <span class='ocrx_word' id='word_1_123' title='bbox 919 1614 1121 1672; x_wconf 84' lang='lat' dir='ltr'>eommuni-</span> 
     </span>
     <span class='ocr_line' id='line_1_17' title="bbox 108 1693 1164 1782; baseline -0.002 -23"><span class='ocrx_word' id='word_1_124' title='bbox 108 1693 256 1782; x_wconf 68' lang='lat' dir='ltr'>loantes‚</span> <span class='ocrx_word' id='word_1_125' title='bbox 288 1717 438 1773; x_wconf 87' lang='lat' dir='ltr'>quarum</span> <span class='ocrx_word' id='word_1_126' title='bbox 465 1699 607 1775; x_wconf 86' lang='lat' dir='ltr'>longior</span> <span class='ocrx_word' id='word_1_127' title='bbox 634 1718 742 1774; x_wconf 88' lang='lat' dir='ltr'>supra</span> <span class='ocrx_word' id='word_1_128' title='bbox 768 1700 969 1760; x_wconf 85' lang='lat' dir='ltr'>breviorem</span> <span class='ocrx_word' id='word_1_129' title='bbox 995 1703 1123 1777; x_wconf 89' lang='lat' dir='ltr'>possit</span> <span class='ocrx_word' id='word_1_130' title='bbox 1140 1709 1164 1757; x_wconf 68' lang='lat'>42</span> 
     </span>
     <span class='ocr_line' id='line_1_18' title="bbox 106 1788 1123 1863; baseline 0.002 -16"><span class='ocrx_word' id='word_1_131' title='bbox 106 1808 182 1847; x_wconf 85' lang='lat' dir='ltr'>oum</span> <span class='ocrx_word' id='word_1_132' title='bbox 214 1790 404 1862; x_wconf 86' lang='lat' dir='ltr'>augmento</span> <span class='ocrx_word' id='word_1_133' title='bbox 442 1788 611 1863; x_wconf 87' lang='lat' dir='ltr'>quadrati</span> <span class='ocrx_word' id='word_1_134' title='bbox 643 1788 737 1846; x_wconf 87' lang='lat' dir='ltr'>lineo</span> <span class='ocrx_word' id='word_1_135' title='bbox 774 1789 934 1848; x_wconf 87' lang='lat' dir='ltr'>seiunote</span> <span class='ocrx_word' id='word_1_136' title='bbox 972 1789 1045 1848; x_wconf 87' lang='lat' dir='ltr'>sibi</span> <span class='ocrx_word' id='word_1_137' title='bbox 1085 1791 1123 1849; x_wconf 91' lang='lat' dir='ltr'>in</span> 
     </span>
     <span class='ocr_line' id='line_1_19' title="bbox 106 1869 375 1958; baseline -0.004 -25"><span class='ocrx_word' id='word_1_138' title='bbox 106 1869 375 1958; x_wconf 69' lang='lat' dir='ltr'>longitudinel)</span> 
     </span>
     <span class='ocr_line' id='line_1_20' title="bbox 197 1963 1124 2044; baseline 0.009 -23"><span class='ocrx_word' id='word_1_139' title='bbox 197 1963 363 2022; x_wconf 79' lang='lat' dir='ltr'>Secundum</span> <span class='ocrx_word' id='word_1_140' title='bbox 381 1964 457 2022; x_wconf 86' lang='lat' dir='ltr'>illud</span> <span class='ocrx_word' id='word_1_141' title='bbox 474 1964 553 2022; x_wconf 85' lang='lat' dir='ltr'>idern</span> <span class='ocrx_word' id='word_1_142' title='bbox 572 1965 738 2039; x_wconf 88' lang='lat' dir='ltr'>exemplum</span> <span class='ocrx_word' id='word_1_143' title='bbox 756 1984 823 2024; x_wconf 90' lang='lat' dir='ltr'>oum</span> <span class='ocrx_word' id='word_1_144' title='bbox 842 1986 911 2044; x_wconf 85' lang='lat' dir='ltr'>ergo</span> <span class='ocrx_word' id='word_1_145' title='bbox 926 1968 1124 2042; x_wconf 88' lang='lat' dir='ltr'>posuerimus</span> 
     </span>
     <span class='ocr_line' id='line_1_21' title="bbox 67 2053 1125 2132; baseline 0.01 -26"><span class='ocrx_word' id='word_1_146' title='bbox 67 2067 94 2107; x_wconf 77' lang='lat' dir='ltr'>ao</span> <span class='ocrx_word' id='word_1_147' title='bbox 109 2055 150 2112; x_wconf 83' lang='lat' dir='ltr'>ob</span> <span class='ocrx_word' id='word_1_148' title='bbox 178 2072 332 2112; x_wconf 86' lang='lat' dir='ltr'>numerum</span> <span class='ocrx_word' id='word_1_149' title='bbox 360 2054 539 2129; x_wconf 88' lang='lat' dir='ltr'>quadratum</span> <span class='ocrx_word' id='word_1_150' title='bbox 571 2055 601 2112; x_wconf 88' lang='lat' dir='ltr'>et</span> <span class='ocrx_word' id='word_1_151' title='bbox 631 2053 767 2111; x_wconf 88' lang='lat' dir='ltr'>similiter</span> <span class='ocrx_word' id='word_1_152' title='bbox 792 2073 928 2114; x_wconf 84' lang='lat' dir='ltr'>numeros</span> <span class='ocrx_word' id='word_1_153' title='bbox 953 2074 995 2129; x_wconf 78' lang='lat' dir='ltr'>op</span> <span class='ocrx_word' id='word_1_154' title='bbox 1026 2060 1058 2114; x_wconf 85' lang='lat' dir='ltr'>et</span> <span class='ocrx_word' id='word_1_155' title='bbox 1080 2061 1125 2132; x_wconf 76' lang='lat' dir='ltr'>pb</span> 
     </span>
     <span class='ocr_line' id='line_1_22' title="bbox 108 2139 1127 2224; baseline 0.006 -24"><span class='ocrx_word' id='word_1_156' title='bbox 108 2160 248 2202; x_wconf 89' lang='lat' dir='ltr'>numeros</span> <span class='ocrx_word' id='word_1_157' title='bbox 270 2161 330 2200; x_wconf 94' lang='lat' dir='ltr'>non</span> <span class='ocrx_word' id='word_1_158' title='bbox 353 2142 527 2218; x_wconf 78' lang='lat' dir='ltr'>quadratoS,</span> <span class='ocrx_word' id='word_1_159' title='bbox 550 2144 580 2199; x_wconf 88' lang='lat' dir='ltr'>et</span> <span class='ocrx_word' id='word_1_160' title='bbox 602 2142 801 2218; x_wconf 68' lang='lat' dir='ltr'>posuerim,</span> <span class='ocrx_word' id='word_1_161' title='bbox 823 2139 945 2221; x_wconf 76' lang='lat' dir='ltr'>(quod)</span> <span class='ocrx_word' id='word_1_162' title='bbox 969 2145 1030 2205; x_wconf 87' lang='lat' dir='ltr'>erit</span> <span class='ocrx_word' id='word_1_163' title='bbox 1053 2166 1127 2224; x_wconf 91' lang='lat' dir='ltr'>pro-</span> 
     </span>
    </p>
   </div>
   <div class='ocr_carea' id='block_1_3' title="bbox 248 2312 969 2380">
    <p class='ocr_par' dir='ltr' id='par_1_3' title="bbox 248 2312 969 2380">
     <span class='ocr_line' id='line_1_23' title="bbox 248 2312 969 2380; baseline 0.003 -15"><span class='ocrx_word' id='word_1_164' title='bbox 248 2312 263 2365; x_wconf 84' lang='lat' dir='ltr'><strong><em>b</em></strong></span> <span class='ocrx_word' id='word_1_165' title='bbox 330 2327 387 2365; x_wconf 77' lang='lat' dir='ltr'>uon</span> <span class='ocrx_word' id='word_1_166' title='bbox 405 2312 557 2378; x_wconf 77' lang='lat' dir='ltr'>quadratus</span> <span class='ocrx_word' id='word_1_167' title='bbox 630 2328 647 2380; x_wconf 74' lang='lat'><strong><em>9</em></strong></span> <span class='ocrx_word' id='word_1_168' title='bbox 682 2327 740 2364; x_wconf 80' lang='lat' dir='ltr'>uon</span> <span class='ocrx_word' id='word_1_169' title='bbox 756 2313 907 2379; x_wconf 71' lang='lat' dir='ltr'>quadratus</span> <span class='ocrx_word' id='word_1_170' title='bbox 951 2331 969 2367; x_wconf 84' lang='lat' dir='ltr'>a</span> 
     </span>
    </p>
   </div>
   <div class='ocr_carea' id='block_1_4' title="bbox 109 2936 1129 3201">
    <p class='ocr_par' dir='ltr' id='par_1_4' title="bbox 109 2936 1129 3201">
     <span class='ocr_line' id='line_1_24' title="bbox 109 2936 1128 3016; baseline 0.012 -20"><span class='ocrx_word' id='word_1_171' title='bbox 109 2936 209 3013; x_wconf 91' lang='lat' dir='ltr'>portio</span> <span class='ocrx_word' id='word_1_172' title='bbox 233 2936 371 3012; x_wconf 80' lang='lat' dir='ltr'>quadran</span> <span class='ocrx_word' id='word_1_173' title='bbox 394 2936 470 2995; x_wconf 83' lang='lat' dir='ltr'>lineo</span> <span class='ocrx_word' id='word_1_174' title='bbox 489 2938 528 2996; x_wconf 84' lang='lat' dir='ltr'>de</span> <span class='ocrx_word' id='word_1_175' title='bbox 549 2938 705 2998; x_wconf 87' lang='lat' dir='ltr'>rationalis</span> <span class='ocrx_word' id='word_1_176' title='bbox 728 2939 760 2997; x_wconf 91' lang='lat' dir='ltr'>in</span> <span class='ocrx_word' id='word_1_177' title='bbox 778 2939 964 3016; x_wconf 86' lang='lat' dir='ltr'>longitudine</span> <span class='ocrx_word' id='word_1_178' title='bbox 989 2947 1023 3002; x_wconf 89' lang='lat' dir='ltr'>et</span> <span class='ocrx_word' id='word_1_179' title='bbox 1047 2966 1128 3007; x_wconf 88' lang='lat' dir='ltr'>oom-</span> 
     </span>
     <span class='ocr_line' id='line_1_25' title="bbox 110 3024 1128 3111; baseline 0.006 -29"><span class='ocrx_word' id='word_1_180' title='bbox 110 3026 290 3083; x_wconf 88' lang='lat' dir='ltr'>rnunioantis</span> <span class='ocrx_word' id='word_1_181' title='bbox 317 3024 394 3083; x_wconf 87' lang='lat' dir='ltr'>linee</span> <span class='ocrx_word' id='word_1_182' title='bbox 421 3026 517 3100; x_wconf 88' lang='lat' dir='ltr'>posite</span> <span class='ocrx_word' id='word_1_183' title='bbox 544 3027 687 3085; x_wconf 86' lang='lat' dir='ltr'>rationali</span> <span class='ocrx_word' id='word_1_184' title='bbox 713 3028 745 3085; x_wconf 93' lang='lat' dir='ltr'>in</span> <span class='ocrx_word' id='word_1_185' title='bbox 769 3028 956 3105; x_wconf 85' lang='lat' dir='ltr'>longitudine</span> <span class='ocrx_word' id='word_1_186' title='bbox 984 3033 1028 3090; x_wconf 84' lang='lat' dir='ltr'>ad</span> <span class='ocrx_word' id='word_1_187' title='bbox 1053 3056 1128 3111; x_wconf 78' lang='lat' dir='ltr'>qua-</span> 
     </span>
     <span class='ocr_line' id='line_1_26' title="bbox 112 3113 1129 3201; baseline 0.006 -30"><span class='ocrx_word' id='word_1_188' title='bbox 112 3114 231 3171; x_wconf 89' lang='lat' dir='ltr'>dratum</span> <span class='ocrx_word' id='word_1_189' title='bbox 248 3113 357 3172; x_wconf 77' lang='lat' dir='ltr'>lineet</span> <span class='ocrx_word' id='word_1_190' title='bbox 375 3113 452 3172; x_wconf 88' lang='lat' dir='ltr'>siout</span> <span class='ocrx_word' id='word_1_191' title='bbox 469 3116 621 3189; x_wconf 81' lang='lat' dir='ltr'>proportio</span> <span class='ocrx_word' id='word_1_192' title='bbox 640 3117 757 3174; x_wconf 85' lang='lat' dir='ltr'>numeri</span> <span class='ocrx_word' id='word_1_193' title='bbox 775 3118 815 3175; x_wconf 80' lang='lat' dir='ltr'>ab</span> <span class='ocrx_word' id='word_1_194' title='bbox 839 3117 877 3175; x_wconf 87' lang='lat' dir='ltr'>ad</span> <span class='ocrx_word' id='word_1_195' title='bbox 895 3137 1061 3182; x_wconf 88' lang='lat' dir='ltr'>numerum</span> <span class='ocrx_word' id='word_1_196' title='bbox 1077 3144 1129 3201; x_wconf 73' lang='lat' dir='ltr'>ap,</span> 
     </span>
    </p>
   </div>
   <div class='ocr_carea' id='block_1_5' title="bbox 180 3234 323 3240">
    <p class='ocr_par' dir='ltr' id='par_1_5' title="bbox 180 3234 323 3240">
     <span class='ocr_line' id='line_1_27' title="bbox 180 3234 323 3240; baseline 0.007 -1"><span class='ocrx_word' id='word_1_197' title='bbox 180 3236 250 3240; x_wconf 79' lang='lat'><em>.-.....</em></span> <span class='ocrx_word' id='word_1_198' title='bbox 258 3234 323 3240; x_wconf 79' lang='lat'>-.—</span> 
     </span>
    </p>
   </div>
   <div class='ocr_carea' id='block_1_6' title="bbox 184 3302 849 3358">
    <p class='ocr_par' dir='ltr' id='par_1_6' title="bbox 184 3302 849 3358">
     <span class='ocr_line' id='line_1_28' title="bbox 184 3302 849 3358; baseline 0.008 -6"><span class='ocrx_word' id='word_1_199' title='bbox 184 3306 225 3354; x_wconf 80' lang='lat'>20.</span> <span class='ocrx_word' id='word_1_200' title='bbox 246 3302 275 3353; x_wconf 90' lang='lat' dir='ltr'>et</span> <span class='ocrx_word' id='word_1_201' title='bbox 291 3315 428 3354; x_wconf 87' lang='lat' dir='ltr'>numeros.</span> <span class='ocrx_word' id='word_1_202' title='bbox 449 3333 483 3340; x_wconf 94' lang='lat'><strong>—</strong></span> <span class='ocrx_word' id='word_1_203' title='bbox 502 3306 614 3355; x_wconf 78' lang='lat'>22-23.</span> <span class='ocrx_word' id='word_1_204' title='bbox 635 3302 849 3358; x_wconf 78' lang='lat' dir='ltr'>communicans.</span> 
     </span>
    </p>
   </div>
   <div class='ocr_carea' id='block_1_7' title="bbox 91 3495 1130 3630">
    <p class='ocr_par' dir='ltr' id='par_1_7' title="bbox 91 3495 1130 3630">
     <span class='ocr_line' id='line_1_29' title="bbox 176 3495 1130 3570; baseline 0.014 -20"><span class='ocrx_word' id='word_1_205' title='bbox 176 3499 204 3567; x_wconf 86' lang='lat'>1)</span> <span class='ocrx_word' id='word_1_206' title='bbox 225 3495 349 3551; x_wconf 71' lang='lat' dir='ltr'>Cannam</span> <span class='ocrx_word' id='word_1_207' title='bbox 363 3514 442 3570; x_wconf 88' lang='lat' dir='ltr'>prop.</span> <span class='ocrx_word' id='word_1_208' title='bbox 458 3502 492 3552; x_wconf 79' lang='lat'>18</span> <span class='ocrx_word' id='word_1_209' title='bbox 513 3496 781 3570; x_wconf 47' lang='lat' dir='ltr'>(Hamanonlktul.</span> <span class='ocrx_word' id='word_1_210' title='bbox 805 3497 857 3551; x_wconf 84' lang='lat' dir='ltr'>Hie</span> <span class='ocrx_word' id='word_1_211' title='bbox 876 3515 988 3567; x_wconf 74' lang='lat' dir='ltr'>quoque</span> <span class='ocrx_word' id='word_1_212' title='bbox 1010 3505 1130 3563; x_wconf 81' lang='lat' dir='ltr'>demon·</span> 
     </span>
     <span class='ocr_line' id='line_1_30' title="bbox 91 3568 657 3630; baseline 0.011 -10"><span class='ocrx_word' id='word_1_213' title='bbox 91 3568 201 3624; x_wconf 82' lang='lat' dir='ltr'>stratio</span> <span class='ocrx_word' id='word_1_214' title='bbox 220 3587 240 3626; x_wconf 86' lang='lat' dir='ltr'>a</span> <span class='ocrx_word' id='word_1_215' title='bbox 262 3569 388 3629; x_wconf 72' lang='lat' dir='ltr'>Cinnam</span> <span class='ocrx_word' id='word_1_216' title='bbox 410 3571 528 3630; x_wconf 84' lang='lat' dir='ltr'>diversa</span> <span class='ocrx_word' id='word_1_217' title='bbox 547 3573 602 3628; x_wconf 84' lang='lat' dir='ltr'>est.</span> <span class='ocrx_word' id='word_1_218' title='bbox 653 3611 657 3618; x_wconf 84' lang='lat'>.</span> 
     </span>
    </p>
   </div>
   <div class='ocr_carea' id='block_1_8' title="bbox 0 0 1205 3834">
    <p class='ocr_par' dir='ltr' id='par_1_8' title="bbox 0 0 1205 3834">
     <span class='ocr_line' id='line_1_31' title="bbox 0 0 1205 3834; baseline 0 0"><span class='ocrx_word' id='word_1_219' title='bbox 0 0 1205 3834; x_wconf 95' lang='lat' dir='ltr'> </span> 
     </span>
    </p>
   </div>
  </div>
 </body>
</html>
