2340 3834
104 167 170 232 262
392 167 559 222 ANARITII
578 165 837 223 COMMENTARH

103 340 241 395 numerat
264 335 451 410 superficiem
473 354 527 394 or:
551 336 617 394 dieo
641 335 743 414 igitur,
767 337 846 413 quod
869 337 1000 395 duarum
1019 355 1035 395 s

101 425 234 485 ficierum
256 424 574 483 incommunicantium
597 444 659 482 una
682 429 728 484 est
750 426 842 485 surda
865 429 896 484 et
915 426 1035 484 alterar

102 513 188 572 nalis.
236 511 321 582 Quod
348 513 373 572 si
402 513 556 588 quantitas
580 509 659 591 (bc)
681 534 742 574 non
765 514 859 573 fuerit
880 533 1035 578 numerans

103 620 194 677 quam
217 621 329 676 earum,
352 602 493 677 dicemus,
517 603 596 678 quod
619 602 682 677 ipse
706 607 778 662 sunt
800 604 888 662 surde
912 598 985 681 <et>
1007 603 1035 659 in

75 691 300 766 emunicantes,
324 691 466 766 quoniam
488 691 651 750 rationales
675 692 929 751 communicantes
952 694 1029 751 sunt.

101 778 193 838 etiam
221 779 247 839 si
272 779 365 838 fuerit
392 798 446 839 cm
472 799 630 839 numerans
659 780 846 856 superficiem
869 799 925 855 11,
953 799 1035 839 rema:

102 887 137 926 ex
169 868 322 944 superficie
356 887 398 927 oa
431 869 599 944 superficies
628 869 738 945 aliqua.
790 868 822 927 Si
849 889 921 946 ergo
949 888 1035 944 super

100 957 155 1015 illa
172 957 264 1016 fuerit
281 976 351 1033 pars
370 956 446 1017 scita
465 957 630 1033 superficiei
649 977 711 1032 cm,
733 958 879 1017 faciamus
899 959 931 1016 in
950 977 993 1033 eo,
1015 977 1035 1032 q

101 1046 261 1105 admodum
283 1046 408 1105 fecimus
430 1046 463 1104 in
486 1048 619 1122 exemplo
642 1046 799 1122 linearum,
823 1050 854 1105 et
876 1047 1012 1121 dicimus,
1034 1080 1035 1092 ,

61 1149 88 1189 11
101 1135 165 1210 ipse
189 1136 407 1195 communicant
429 1134 476 1193 illi
498 1138 583 1210 parte
607 1135 687 1194 scite.
732 1134 790 1193 Sed
812 1136 838 1194 si
860 1136 945 1210 illud,
969 1136 1035 1211 quot

100 1227 203 1282 manet
226 1244 261 1282 ex
284 1223 446 1299 superficie,
468 1225 583 1282 fuerint
604 1226 705 1299 partes
729 1224 896 1299 superficiei
919 1243 982 1299 om,
1005 1227 1034 1282 11

101 1315 146 1372 111
169 1313 319 1388 possibile,
342 1315 378 1371 ut
401 1331 469 1371 cum
491 1331 527 1370 ea
549 1316 745 1387 mensuretur,
769 1313 901 1372 dicemus
920 1313 952 1371 in
972 1331 1015 1386 ea,

99 1400 188 1476 illud,
225 1402 306 1477 quod
338 1400 464 1460 diximus
496 1402 529 1458 in
561 1403 694 1477 exemplo
726 1402 881 1459 linearum.
938 1401 1014 1460 Cum

100 1490 288 1565 posuerimus
321 1488 488 1564 superficies
521 1509 672 1565 numeros,
704 1494 791 1548 amnt
824 1490 987 1548 secundum
1013 1510 1035 1546 1

62 1591 204 1638 rarorum
234 1578 450 1654 proprietatem
481 1579 733 1638 communicantes
766 1582 796 1637 et
822 1579 1035 1638 incommunica

101 1667 153 1726 sed
191 1667 353 1725 secundum
385 1666 590 1741 quantitatum
622 1664 863 1743 <proprietates>
897 1670 984 1726 erunt
1016 1688 1035 1728 o:

102 1754 362 1829 communicantes,
385 1754 526 1829 quoniam
550 1757 703 1830 quantitas
725 1776 786 1814 una
809 1759 949 1815 numerat
973 1776 1030 1815 eas.

101 1846 153 1902 cut
181 1843 206 1900 si
234 1842 379 1917 dicemus,
407 1844 488 1918 quod
515 1848 645 1919 quatuor
668 1841 741 1924 <11>
765 1864 815 1903 sex
837 1845 869 1902 in
892 1846 1023 1904 numeris

101 1930 365 2005 communicantes,
398 1935 428 1990 et
460 1935 589 2008 quatuor
621 1936 651 1992 et
682 1936 796 2008 septem
824 1937 893 1992 sunt
920 1934 1035 1993 incomn

61 2034 87 2074 ao
102 2022 202 2079 cantes
234 2020 267 2077 in
297 2020 441 2095 numeris,
472 2020 567 2098 igitur
598 2021 656 2097 ipsi
688 2025 759 2080 sunt
790 2016 1035 2101 <in>communie

100 2103 152 2185 <in
184 2106 392 2188 longitudine>
424 2113 454 2168 et
484 2110 768 2169 incommunicantes
801 2111 833 2168 in
860 2111 1006 2186 potentia.

100 2198 260 2257 secundum
289 2198 473 2274 quantitates
503 2202 573 2257 sunt
598 2200 848 2258 communicantes
871 2200 903 2258 in
926 2203 1035 2276 potent:

99 2286 383 2346 incommunicantes
411 2287 443 2345 in
469 2287 665 2364 longitudine.
712 2286 879 2346 Secundum
906 2289 1011 2365 itaque

100 2376 219 2434 modum
243 2378 384 2451 operatus
408 2379 453 2435 est
473 2374 646 2434 Gronnrnn
668 2376 700 2433 in
718 2379 853 2436 tractatu
872 2378 987 2437 decimo
1007 2378 1035 2434 di

60 2475 86 2517 25
100 2465 180 2539 quod
212 2464 268 2522 iste
301 2468 354 2521 aut
384 2465 441 2523 iste
469 2465 529 2524 sint
556 2465 839 2525 incommunicantes
868 2467 899 2523 in
927 2467 1035 2543 longitr

100 2546 173 2629 <ct>
197 2552 447 2611 communicantes
470 2553 502 2611 in
524 2554 669 2628 potentia.

189 2639 254 2697 lam
287 2659 356 2716 ergo
389 2645 540 2701 ostensum
568 2646 613 2701 est
641 2663 676 2701 ex
703 2643 880 2701 habitudine
910 2643 1035 2718 quantit:

101 2730 131 2786 11
153 2727 387 2803 superficierum,
411 2730 490 2804 quod
513 2731 625 2789 sufficit
647 2733 700 2789 uni
724 2733 755 2789 in
779 2751 822 2805 eo,
846 2732 926 2806 quod
950 2736 995 2791 est
1017 2752 1036 2789 1

101 2817 213 2875 sarium
241 2812 314 2896 <11>
342 2818 454 2878 decimo
478 2822 625 2894 tractatu,
653 2819 813 2879 secundum
836 2822 918 2895 quod
942 2821 1035 2880 Gnosi

36 2919 87 2980 ,ao
101 2904 242 2964 diffinivit
264 2909 294 2965 et
317 2906 473 2983 descripsit
495 2903 574 2986 <de>
597 2909 824 2984 quantitatibus.

188 2994 288 3070 Nosti,
321 2995 400 3071 quod
427 2997 612 3071 quantitates
640 2998 672 3055 in
700 2999 774 3056 duas
803 2997 979 3056 dividuntur
1005 3016 1035 3074 pa

101 3083 351 3143 communicantes
380 3086 409 3141 et
437 3085 733 3161 incommunicantes,
761 3087 923 3145 rationales
947 3091 978 3146 11
1000 3105 1035 3145 su

101 3190 160 3247 que
188 3174 306 3230 tantum
333 3173 365 3230 in
392 3175 452 3231 tres
479 3175 591 3248 primas
615 3175 835 3234 distribuuntur
857 3179 967 3250 partes
1011 3175 1035 3232 P

99 3279 203 3320 earum
236 3265 280 3320 est
312 3262 531 3336 quantitatum,
569 3283 625 3338 que
663 3265 882 3322 communicant
918 3266 950 3322 in
984 3264 1035 3336 lon,

168 3472 191 3524 8,
209 3482 279 3538 pars
294 3467 383 3522 sexta.
404 3498 436 3508 —
456 3466 660 3536 11111111-
681 3473 723 3522 13.
742 3467 894 3539 linearum]
911 3467 1035 3537 quantita

70 3508 185 3608 Ἦ.
206 3557 333 3613 quarum
351 3542 406 3597 est.
