2340 3834
249 212 251 217 .
366 165 417 220 AD
435 165 766 223 neomeniarum.
1004 169 1071 232 209

41 341 80 401 θς
122 355 187 413 ergo
214 353 355 394 numerus
384 353 398 393 e
425 340 455 394 et
482 336 515 393 ta
543 339 572 393 et
597 338 607 393 l
630 341 660 394 et
681 355 711 394 m
734 340 764 395 et
785 339 824 396 ab
848 340 916 395 sunt
939 339 1070 397 continui

41 424 222 482 'seeundum
244 423 466 500 proportionem
487 443 585 482 unam.
633 423 664 482 Si
688 444 756 503 ergo
780 446 816 485 ex
838 427 964 486 seeundo
988 430 1017 486 et
1036 447 1072 485 ex

44 516 210 578 postremo
238 513 404 588 minuatur,
433 515 511 588 quod
539 513 578 570 sit
605 514 710 588 equale
732 515 827 590 primo
851 534 986 590 numero,
1014 516 1072 574 erit

43 602 214 678 proportio
248 602 429 660 remanentis
462 622 496 660 ex
529 602 654 660 seeundo
688 603 726 660 ad
756 623 911 662 numerum
942 604 1072 679 primum

48 683 137 749 sieut
159 691 312 767 proportio
330 690 510 750 remanentis
529 711 564 748 ex
581 695 730 767 postremo
749 693 787 750 ad
806 711 907 751 omnes
925 711 1071 768 numeros,
1098 706 1112 746 s

50 781 114 849 qui
145 784 215 838 sunt
250 783 320 838 ante
352 779 463 855 ipsum,
499 780 746 855 quemadmodum
778 784 927 839 ostensum
960 784 1004 840 est
1036 802 1072 839 ex

45 868 236 936 probatione
267 867 363 946 figure
389 869 581 944 precedentis.
634 869 769 927 Minuam
800 870 902 944 itaque
931 891 966 928 ex
996 888 1070 928 uno-

52 969 177 1034 quoque
211 957 339 1016 duorum
370 976 562 1017 numerorum
589 959 622 1015 ta
653 961 683 1015 et
709 959 760 1032 ba,
793 959 871 1032 quod
899 959 938 1017 sit
966 960 1071 1035 equale

36 1047 170 1122 'primm
198 1047 250 1121 qui
278 1050 323 1104 est
350 1064 377 1121 e,
405 1049 436 1104 et
457 1047 497 1104 sit
518 1047 556 1104 lca
579 1050 609 1104 et
630 1048 683 1120 hp:
708 1066 777 1123 ergo
800 1048 952 1122 proportio
975 1067 1069 1106 rema-

57 1137 158 1194 nentis
192 1155 227 1194 ex
254 1154 376 1194 numero
404 1136 451 1209 lle,
483 1135 563 1209 quod
590 1138 635 1193 est
662 1140 707 1210 te,
734 1133 773 1193 ad
799 1155 954 1194 numerum
982 1155 996 1195 e
1024 1141 1069 1195 est
1083 1151 1111 1189 10

62 1220 137 1282 siout
169 1224 321 1300 proportio
354 1223 466 1281 residui
498 1242 533 1281 ex
563 1225 610 1298 ab,
642 1225 721 1299 quod
751 1228 796 1283 est
821 1243 872 1299 ay,
904 1224 941 1282 ad
970 1244 1071 1283 omnes

63 1327 198 1371 numeros
220 1331 258 1387 ra,
282 1314 300 1386 l,
324 1313 364 1386 tl,
389 1330 410 1371 e.
457 1311 515 1370 Sed
537 1331 677 1371 numerus
700 1318 732 1372 st
753 1317 798 1372 est
817 1313 930 1389 equalis
947 1333 1070 1372 numero

67 1417 85 1474 e,
106 1401 250 1478 quoniam
272 1419 411 1459 numerus
435 1402 468 1458 llo
490 1405 535 1459 est
558 1401 665 1477 duplus
688 1402 803 1461 numeri
826 1421 852 1460 o:
876 1422 947 1480 ergo
969 1421 1069 1460 nume-

66 1508 109 1549 rus
131 1509 171 1564 ap
195 1493 240 1548 est
263 1490 377 1565 equalis
400 1489 534 1548 omnibus
556 1490 685 1548 numeris
707 1510 750 1566 m,
773 1493 795 1565 l,
818 1493 914 1565 ΗΜ,
937 1494 967 1550 et
989 1493 1070 1550 totus

67 1597 200 1638 numerus
213 1580 252 1638 ab
271 1582 315 1637 est
334 1578 449 1654 equalis
468 1579 596 1636 numeris
614 1598 652 1653 m,
666 1581 684 1654 l,
699 1581 732 1637 tle
754 1583 784 1637 et
802 1579 894 1655 duplo
912 1581 1028 1637 numeri
1047 1598 1069 1638 e.
1084 1591 1111 1632 15

67 1665 118 1726 sed
145 1685 324 1726 numeruse
356 1671 401 1725 est
432 1667 546 1742 equalis
577 1667 707 1725 numeris
735 1687 768 1743 a,
792 1670 821 1742 b,
847 1671 923 1744 p‚d
954 1672 984 1726 et
1010 1688 1069 1727 uno

65 1775 126 1815 oum
155 1757 211 1829 eis,
240 1774 309 1833 ergo
336 1775 477 1814 numerus
502 1757 542 1815 ab
568 1759 614 1814 est
641 1757 753 1831 equalis
783 1757 917 1817 omnibus
941 1758 1071 1816 numeris

64 1863 96 1921 m,
120 1848 138 1924 l,
163 1847 205 1919 tle,
229 1864 251 1920 e,
274 1847 302 1920 d,
318 1863 346 1919 9,
366 1846 391 1920 b,
410 1864 430 1903 a
453 1848 483 1902 et
504 1865 562 1903 uno
587 1865 652 1903 oum
676 1846 725 1904 eis.
766 1846 841 1906 Dieo
860 1849 968 1921 autern,
992 1847 1071 1922 quod

62 1954 118 1994 non
146 1937 284 1992 numerat
310 1954 465 1992 numerum
490 1935 530 1993 ab
552 1953 690 1993 numerus
713 1935 790 1993 alius
812 1938 912 2011 preter
934 1954 1070 1994 numeros

56 2042 100 2099 m,
124 2025 148 2098 l,
172 2024 218 2098 tle,
242 2041 269 2097 e,
291 2024 320 2096 d,
341 2042 368 2098 9,
392 2025 417 2098 b,
440 2041 460 2080 a
483 2026 513 2080 et
534 2043 627 2080 unum
650 2042 716 2081 oum
740 2023 789 2081 eis.
835 2023 975 2083 Probatio
999 2024 1070 2099 eius,
1084 2037 1111 2076 ro

60 2112 131 2188 quia
164 2112 253 2170 aliter
279 2131 340 2170 non
368 2114 413 2170 est
439 2111 588 2187 possibile.
638 2110 724 2179 Quod
752 2112 777 2169 si
803 2112 894 2170 fuerit
921 2112 1070 2187 possibile,

59 2204 196 2259 numeret
217 2201 316 2276 ipsum
339 2219 478 2258 numerus
496 2199 572 2258 alius
590 2204 690 2275 preter
706 2219 745 2274 m,
768 2201 865 2275 sitque
884 2219 1022 2279 numerus
1040 2220 1070 2258 a.

59 2289 209 2348 Numerus
232 2289 333 2363 itaque
356 2307 378 2347 a
400 2308 459 2348 non
483 2292 528 2347 est
549 2307 624 2346 unus
648 2307 684 2346 ex
706 2288 748 2347 eis
767 2294 798 2348 et
815 2293 951 2347 numerat
969 2308 1070 2346 nume-

57 2398 126 2436 rum
152 2379 200 2437 ab.
245 2377 390 2435 Numeret
417 2397 485 2455 ergo
512 2398 579 2435 eum
601 2377 761 2435 seeundum
783 2377 976 2453 equalitatem
999 2377 1070 2453 eiuS,

53 2458 140 2542 'quod
169 2468 214 2524 est
239 2466 271 2523 in
298 2484 313 2525 o
340 2485 375 2523 ex
402 2466 579 2525 unitatibus:
608 2485 677 2544 ergo
705 2485 727 2524 a
752 2466 970 2542 multiplicetur
991 2466 1023 2522 in
1046 2484 1069 2541 e,
1084 2478 1110 2519 aa

59 2559 90 2613 et
113 2558 293 2632 aggregetur
315 2555 364 2613 ab.
411 2553 469 2612 Sed
492 2573 507 2613 e
528 2555 744 2630 multiplicetur
765 2555 797 2613 in
820 2557 852 2630 d,
876 2557 906 2612 et
928 2574 1070 2632 aggrege-

56 2647 109 2702 tur
135 2645 189 2717 ab,
218 2663 287 2720 ergo
311 2642 516 2718 superficialis
547 2644 598 2718 qui
620 2642 655 2701 fit
678 2663 713 2702 ex
736 2662 751 2702 o
772 2644 804 2701 in
825 2663 858 2719 a,
887 2646 932 2702 est
954 2645 1070 2718 equalis

56 2731 254 2808 superficiali,
281 2730 333 2807 qui
355 2731 389 2788 fit
412 2751 448 2789 ex
471 2732 538 2790 ein
561 2734 592 2808 ά,
621 2752 690 2810 ergo
713 2733 866 2808 proportio
890 2750 904 2790 e
926 2733 965 2790 ad
988 2752 1002 2790 o
1025 2735 1071 2790 est

57 2821 137 2879 siout
158 2820 310 2895 proportio
328 2838 350 2878 a
367 2820 407 2877 ad
424 2821 452 2878 d.
495 2819 553 2878 Sed
571 2816 634 2899 <a>
653 2840 712 2880 non
731 2825 776 2880 est
793 2839 868 2879 unus
887 2840 922 2878 ex
940 2821 1071 2879 numeris

58 2928 87 2986 α,
112 2910 138 2983 b,
159 2927 192 2983 p:
221 2927 290 2985 ergo
312 2928 334 2966 a
356 2927 416 2967 non
438 2903 574 2967 numerat
596 2930 752 2968 numerum
775 2912 806 2984 cl,
830 2910 980 2984 quoniam,
1003 2929 1070 2968 oum
1083 2923 1112 2963 ro

56 2997 178 3056 numeri
197 2997 408 3056 continuantur
425 2996 463 3055 ab
481 3017 542 3057 uno
561 3000 720 3057 seeundum
737 2998 958 3074 proportionem
971 3017 1071 3073 unam,

59 3085 214 3160 atinent,
237 3086 287 3161 qni
312 3086 446 3160 sequitur
468 3106 569 3162 unum,
592 3088 712 3162 primus,
735 3107 795 3147 non
815 3090 951 3146 numerat
969 3107 1070 3144 nume-

58 3196 127 3233 rum
150 3173 292 3234 maiorem
315 3174 373 3232 nisi
394 3194 534 3234 numerus
561 3195 597 3233 ex
619 3177 673 3251 eis,
701 3177 947 3251 quemadmodum
973 3179 1069 3235 osten·
1151 3204 1153 3211 ·

59 3283 127 3324 sum
150 3266 195 3322 est
218 3283 253 3321 ex
275 3263 449 3338 probatione
472 3258 606 3343 <figure>
624 3264 714 3323 tercie
733 3265 843 3324 deoime
861 3265 947 3323 huius
965 3265 1071 3340 partis,
1135 3226 1153 3317 l

134 3474 159 3521 1.
182 3483 248 3536 ergo
267 3467 407 3535 quoniam.
428 3500 460 3508 -
481 3473 601 3522 18-19.
625 3469 701 3538 quod
718 3469 846 3523 nominat
862 3484 1021 3521 numerum,
1036 3499 1073 3507 -

60 3545 106 3595 al.
125 3537 205 3602 Quod
222 3537 294 3590 illud
314 3541 430 3594 estnon
447 3539 595 3612 possibile.

105 3635 338 3679 commurmurat.
354 3641 389 3682 ed.
406 3641 526 3690 Ourtze.
909 3632 953 3678 Ἄ

331 3764 344 3799 ἱ
