2340 3834
128 693 308 767 INCIPIT
337 693 459 766 PARS
488 691 709 766 SECUNDA
737 692 1064 767 EXPOSITIONIS

314 817 575 891 SEOUNDUM
601 817 887 889 ANARITIUM

184 998 268 1057 Dixit
305 998 479 1058 Euonmns:
521 995 623 1055 Omnis
663 999 830 1070 superficies
871 999 1105 1070 mammonam

95 1089 220 1148 totorum
243 1092 269 1147 et
289 1091 431 1146 rectorum
454 1086 628 1159 utputorwm
651 1087 808 1145 attuatos
831 1085 915 1146 tuoto
938 1090 1104 1165 continetur,

68 1190 150 1251 oque
171 1195 263 1236 uuum
287 1176 461 1249 uapularem
483 1176 545 1233 etus
566 1177 675 1232 rectum
697 1176 847 1233 eoottoeot.

184 1264 282 1341 Supra
293 1265 349 1322 hoo
359 1261 509 1337 expositor
518 1262 593 1320 dixit
602 1263 735 1322 Yruuus:
749 1262 820 1322 Ideo
832 1259 933 1338 [dixit]
946 1263 1106 1324 Eunomus

96 1354 261 1430 superficiei
284 1351 532 1427 equidistantium
553 1351 684 1410 laterum
707 1354 737 1409 et
758 1354 908 1411 reotorum
927 1354 1106 1430 angulorum

94 1444 171 1502 hano
199 1440 339 1501 attribuit
360 1439 586 1515 proprietatem,
614 1439 760 1499 contineri
782 1458 800 1497 a
823 1440 938 1500 duobus
961 1442 1107 1501 lateribus

96 1531 242 1609 angulum
263 1531 378 1587 reatum
401 1529 629 1604 continentibuS‚
652 1529 683 1586 et
704 1548 764 1588 nou
788 1529 954 1604 superficiei
977 1531 1108 1607 equidis·

55 1635 81 1674 10
95 1619 227 1678 tantium
253 1617 394 1692 laterum,
427 1617 509 1676 ouius
538 1616 641 1695 anguli
667 1636 727 1676 non
754 1621 825 1676 sunt
851 1618 938 1694 recti,
966 1620 1107 1695 quoniam

95 1706 264 1783 superficies
289 1705 535 1781 equidistantium
556 1707 686 1765 laterum
709 1709 740 1765 et
761 1709 910 1765 rectorum
928 1709 1108 1785 angulorum

96 1798 141 1855 est
159 1795 242 1870 illud,
261 1796 341 1871 quod
360 1797 541 1873 aggregatur
560 1815 594 1853 ex
611 1794 860 1871 multiplicatione
879 1796 967 1855 unius
983 1797 1108 1855 duomm

95 1886 225 1943 laterum
262 1884 475 1942 eontineutium
511 1887 625 1943 rectum
657 1884 802 1960 angulum
833 1884 864 1941 in
897 1885 1004 1960 alium,
1042 1905 1108 1945 eum

96 1975 252 2049 ponuntur
275 1971 460 2048 <seeundum
482 1969 650 2051 numeros).

55 2075 82 2114 15
184 2062 391 2138 Exemplum
405 2062 516 2137 prime
535 2063 654 2139 figure

96 2151 289 2210 seeundum
310 2143 517 2232 numeroal)

186 2240 232 2298 Sit
254 2240 335 2298 linea
358 2242 399 2300 ob
422 2258 574 2314 numerus,
603 2239 655 2314 qui

743 2035 761 2088 9

97 2331 142 2386 est
171 2331 203 2404 o,
237 2331 266 2386 et
295 2329 375 2386 linea
403 2330 521 2404 1910,
554 2331 584 2386 et
616 2328 655 2386 su
771 2315 787 2363 ⁵
909 2316 943 2364 3⁰

96 2416 176 2474 linea
204 2417 246 2475 bd
270 2419 303 2492 2,
334 2419 364 2474 et
391 2416 471 2474 linea
496 2417 536 2475 de
564 2418 597 2491 3,
625 2418 655 2473 et

56 2519 83 2559 20
96 2504 176 2562 linea
196 2521 237 2579 pe
260 2504 299 2562 sit
323 2505 350 2562 5.
395 2505 588 2563 Manifestum
611 2506 656 2562 est

97 2593 205 2670 igitur,
240 2591 334 2668 quod,
372 2611 439 2651 oum
473 2592 654 2668 multiplica·
683 2606 717 2655 10
744 2616 1079 2654 e-———-—-—
1115 2614 1124 2634 ·'

97 2681 226 2740 verimus
247 2680 317 2740 oin
338 2684 387 2758 10,
407 2681 471 2755 erit,
490 2681 569 2756 quod
587 2681 655 2739 inde

170 2838 211 2886 17.
231 2832 308 2886 linea
326 2850 352 2886 a.
773 2787 788 2835 3

170 2976 196 3044 1)
218 2975 354 3028 Eucnmns
377 2973 415 3042 Π,
435 2978 463 3027 1:
496 2972 529 3026 Si
551 2972 656 3038 fuerint

98 3048 150 3100 etue
169 3046 250 3112 liaeo,
269 3062 386 3114 quorum
403 3061 462 3098 uoto
480 3044 512 3096 to
530 3044 657 3112 quotlibet

94 3124 188 3186 portes
197 3117 348 3182 dividatur,
358 3116 438 3181 illud,
450 3115 522 3184 quod
531 3130 564 3167 eso
573 3116 656 3169 ductu

99 3188 212 3242 alterius
230 3188 262 3240 io
280 3187 393 3240 alteram
410 3187 468 3253 fiet,
491 3202 587 3253 equom
605 3186 656 3240 erit

98 3259 155 3325 hio,
178 3275 228 3327 que
250 3274 283 3312 eu
302 3259 386 3311 ductu
405 3258 472 3312 lineo
490 3257 607 3310 indivise
625 3258 656 3309 io

98 3345 317 3398 osoomquomque
336 3334 443 3398 partem
467 3328 535 3381 lineo
554 3327 744 3396 porticorlatim
768 3325 853 3379 divise
871 3325 1030 3395 rectoopola
1043 3336 1107 3392 pro·

97 3401 238 3455 dueentem.
263 3432 297 3440 —
320 3398 380 3454 Hoe
404 3402 447 3454 est
472 3399 521 3469 a(b
536 3399 569 3469 -{-
585 3416 599 3452 o
613 3400 646 3468 -ἱ-
662 3399 695 3467 ot)
710 3423 743 3442 =
758 3397 798 3449 ab
813 3399 846 3464 -l-
861 3411 898 3450 oo
912 3397 945 3464 -l-
962 3396 1012 3450 od.
