2340 3834
339 185 406 239 ‘AD
424 184 609 240 EUGLIDEM
626 185 692 240 LIB.
708 186 753 240 IX.
998 186 1061 248 199

42 367 125 412 fum
142 373 212 412 non
230 353 390 412 cubicum
408 354 688 429 multiplicatur,
712 355 976 429 superficialia
998 355 1061 430 qui

42 438 131 501 inde
150 445 384 520 aggregatur,
403 446 538 501 estnon
553 443 704 501 cubicus.
737 443 785 518 at,
805 462 880 501 cum
893 461 1060 501 numerus

42 521 138 608 [non]
168 531 313 590 cubicus
335 532 563 607 multiplicat
584 551 780 607 numerum,
808 534 842 589 et
864 532 956 607 quod
978 532 1060 589 inde

42 620 234 694 provenit,
257 623 397 678 estnon
415 619 574 693 cubicae,
597 624 682 679 tuna
699 638 881 695 numerus,
904 621 939 677 in
958 640 1061 696 quem
1092 663 1094 668 -

46 706 121 767 luit
153 709 436 784 multiplicatae,
469 711 522 766 est
553 727 621 766 non
653 709 811 784 cubicus3
845 712 875 767 et
902 709 979 766 illud
1007 713 1060 782 est,
1087 720 1101 759 5

50 799 130 872 quod
153 799 354 856 demonstrare
377 797 534 856 voluimus.

139 885 238 955 Quod
278 886 456 962 sequitur,
497 886 615 962 figure
655 885 860 943 duodecime
897 886 1060 945 additum

49 978 110 1033 est.
119 967 145 1055 1)
202 973 359 1033 Ostensum
391 977 448 1049 est,
489 975 581 1050 quod,
617 968 685 1051 <si>
721 993 821 1032 omnes
857 975 914 1033 duo
945 977 1060 1033 numeri

52 1062 334 1122 incommunicantes
363 1058 475 1140 (sunt)
507 1063 634 1121 minores
661 1063 777 1120 numeri
805 1064 966 1121 secundum
992 1083 1059 1138 pro·

48 1152 225 1227 portionem,
245 1155 275 1210 et
293 1155 364 1210 sunt
380 1155 570 1210 numerantes
589 1169 689 1209 omnes
708 1152 781 1210 duos
799 1170 935 1210 numeros
955 1169 1102 1210 secun-10

49 1241 122 1298 dum
140 1240 360 1316 proportionem
379 1258 464 1298 suam
483 1239 628 1315 equaliter
645 1241 742 1298 minor
759 1240 902 1298 minorem
921 1244 951 1298 et
964 1240 1060 1298 maior

46 1329 205 1404 maiorem,
232 1347 348 1387 necesse
377 1324 477 1406 (est),
508 1331 545 1386 ut
570 1329 686 1386 numeri
713 1329 803 1403 positi
832 1329 892 1387 sint
921 1331 1058 1404 quatuor,

46 1417 191 1494 quatinus
227 1436 293 1476 eum
328 1435 469 1475 numerus
500 1416 613 1492 primus
644 1417 813 1475 numeravit
844 1417 980 1492 tercium,
1017 1417 1060 1476 sic

43 1506 196 1564 secundus
222 1524 362 1564 numerus
389 1508 525 1563 numerat
552 1508 701 1581 quartam,
729 1509 758 1564 et
786 1506 865 1581 quod
893 1505 1005 1581 primus
1029 1508 1059 1563 et

43 1594 195 1653 secundus
232 1595 292 1652 sint
327 1594 615 1652 incommunicantea
679 1594 819 1653 Probatio
939 1597 1059 1653 tantum
1074 1609 1100 1650 ιι

43 1683 228 1760 proveniunt
254 1683 383 1758 numeri,
416 1683 467 1758 qui
495 1686 563 1740 sunt
589 1683 706 1741 numeri
733 1701 760 1757 e,
787 1688 810 1758 t,
838 1702 865 1741 a.
916 1682 974 1741 Sed
1001 1683 1059 1758 ipsi

42 1775 120 1830 sunt
138 1772 382 1847 proportionales,
401 1775 431 1829 et
448 1771 563 1847 primus
577 1775 607 1829 et
621 1772 766 1830 secundus
782 1775 852 1829 sunt
865 1772 1058 1830 incommuni-

42 1862 159 1920 cantos.
191 1859 273 1918 Dicit
292 1880 361 1937 ergo
381 1860 497 1936 aliquis,
517 1860 597 1934 quod
615 1860 726 1935 primus
740 1863 876 1918 numerat
890 1860 1058 1935 secundum,

43 1953 78 2007 et
101 1967 162 2006 non
181 1952 226 2007 est
243 1967 360 2007 necesse
378 1948 445 2023 nisi,
467 1952 501 2007 ut
518 1951 655 2006 numerat
672 1948 804 2022 tercium,
824 1968 893 2025 ergo
913 1949 1058 2024 convenit,

43 2041 82 2095 ut
110 2056 250 2096 numerus
278 2057 298 2096 a
324 2038 356 2095 in
384 2036 498 2096 duobus
524 2040 654 2112 ponatur
676 2037 760 2111 locis,
788 2036 880 2095 donec
902 2038 1059 2112 proveniat
1073 2055 1100 2094 ao

43 2145 191 2184 numerus
215 2130 346 2202 quartus.
387 2126 467 2203 Ergo
491 2126 548 2183 erit
569 2125 721 2201 proportio
744 2125 858 2183 numeri
881 2126 969 2200 primi
988 2144 1002 2184 e
1020 2126 1059 2183 ad

42 2234 204 2272 numerum
218 2215 353 2290 equalem
366 2233 489 2273 numero
499 2233 526 2289 a,
541 2213 592 2289 qui
607 2215 653 2271 est
666 2212 819 2289 secundus,
833 2213 1058 2272 sicutnumerus

42 2302 159 2360 tercius
173 2321 193 2360 a
211 2302 249 2360 ad
267 2308 446 2361 numerumt
463 2307 612 2378 quartum.
646 2300 703 2359 sed
721 2320 861 2359 numems
876 2319 890 2360 a
907 2295 995 2380 <est>
1013 2301 1058 2359 in-

44 2391 269 2449 communioans
291 2411 413 2450 numero
433 2410 452 2449 a
474 2391 571 2466 posito
595 2389 693 2465 equali
716 2408 838 2447 numero
857 2409 884 2464 a,
908 2409 976 2467 ergo
999 2389 1059 2465 ipsi

45 2481 207 2537 numerant
221 2480 294 2537 duos
307 2498 444 2538 numeros
459 2479 618 2537 secundum
629 2477 850 2553 proportionem
864 2496 947 2537 suam
960 2479 1058 2536 minor
1073 2493 1099 2534 aa

45 2568 192 2626 minorem
224 2571 254 2626 et
285 2568 380 2626 maior
410 2568 551 2626 maiorem
584 2566 740 2642 equaliter,
774 2585 842 2642 ergo
874 2587 1013 2626 numerus
1044 2587 1058 2626 e

46 2657 163 2733 primus
190 2660 327 2714 numerat
357 2676 513 2714 numerum
540 2675 559 2714 a
590 2655 723 2713 tercium.
775 2654 833 2712 Sed
858 2655 919 2713 iam
944 2657 1004 2716 fuit
1031 2657 1058 2715 ei

47 2745 314 2819 incommunioans‚
342 2745 420 2820 quod
447 2748 492 2804 est
518 2743 712 2820 impossibile3
745 2747 774 2801 et
796 2743 872 2801 illud
894 2748 951 2820 est,
978 2745 1058 2821 quod

48 2834 249 2893 demonstrare
273 2834 428 2892 voluimus.
448 2825 451 2914 Ι
1038 2846 1039 2850 ’

120 3028 144 3075 3.
164 3020 377 3090 multiplicatur.
401 3051 436 3059 —
459 3025 483 3074 8.
501 3020 623 3073 Auctum
641 3021 691 3073 eet.
710 3051 745 3059 —
770 3025 811 3073 12.
831 3017 899 3090 sint]
919 3018 999 3073 sicut.
1021 3052 1057 3060 -

47 3100 92 3218 {3ss
106 3090 369 3216 quorqiganrrtepffiug.
379 3123 415 3131 -
430 3096 470 3144 15.
486 3092 553 3146 Poat
565 3089 697 3145 Probatio
716 3097 784 3146 certe
798 3093 900 3146 iaauaa
912 3093 1058 3146 statuenda

120 3344 147 3411 1)
170 3340 306 3394 Eucamas
325 3339 376 3407 IX,
397 3345 441 3394 12:
474 3341 512 3393 Ia
533 3339 654 3393 amieria
676 3339 710 3392 ab
728 3339 834 3393 aaitate
852 3339 978 3393 coatiaaa
992 3356 1058 3407 pro-

43 3411 250 3483 portionalitas
267 3411 357 3464 miaor
375 3411 502 3464 maiorem
519 3415 645 3464 numerat
662 3410 809 3463 semaadam
826 3409 945 3478 aliquem
962 3412 994 3463 ia
1007 3411 1059 3464 itta

42 3482 303 3555 proportionalitate
325 3482 493 3549 dispositam.
539 3480 584 3533 An
610 3479 681 3534 haec
708 3477 820 3533 additio
841 3479 885 3532 ad
900 3479 982 3530 luauc
999 3495 1069 3542 qro-

42 3553 222 3625 poaitioaem,
241 3551 327 3606 immo
346 3551 382 3606 ad
401 3551 477 3608 huno
496 3551 607 3631 litorum
622 3551 785 3624 pertineat,
802 3549 919 3603 dotato.
