<?xml version="1.0" encoding="UTF-8"?>
<!DOCTYPE html PUBLIC "-//W3C//DTD XHTML 1.0 Transitional//EN"
    "http://www.w3.org/TR/xhtml1/DTD/xhtml1-transitional.dtd">
<html xmlns="http://www.w3.org/1999/xhtml" xml:lang="en" lang="en">
 <head>
  <title>
</title>
<meta http-equiv="Content-Type" content="text/html;charset=utf-8" />
  <meta name='ocr-system' content='tesseract 3.04.00' />
  <meta name='ocr-capabilities' content='ocr_page ocr_carea ocr_par ocr_line ocrx_word'/>
</head>
<body>
  <div class='ocr_page' id='page_1' title='image "./euclidisoperaom14unkngoog_0196.png"; bbox 0 0 2340 3834; ppageno 0'>
   <div class='ocr_carea' id='block_1_1' title="bbox 371 158 1071 223">
    <p class='ocr_par' dir='ltr' id='par_1_1' title="bbox 371 158 1071 223">
     <span class='ocr_line' id='line_1_1' title="bbox 371 158 1071 223; baseline 0.017 -11"><span class='ocrx_word' id='word_1_1' title='bbox 371 159 421 213; x_wconf 89' lang='lat' dir='ltr'><strong>AD</strong></span> <span class='ocrx_word' id='word_1_2' title='bbox 439 158 626 214; x_wconf 78' lang='lat' dir='ltr'>EUCLIDEM</span> <span class='ocrx_word' id='word_1_3' title='bbox 643 159 709 215; x_wconf 89' lang='lat' dir='ltr'>LIB.</span> <span class='ocrx_word' id='word_1_4' title='bbox 724 159 757 214; x_wconf 87' lang='lat' dir='ltr'><strong>V.</strong></span> <span class='ocrx_word' id='word_1_5' title='bbox 1006 159 1071 223; x_wconf 84' lang='lat'><strong>159</strong></span> 
     </span>
    </p>
   </div>
   <div class='ocr_carea' id='block_1_2' title="bbox 85 320 1071 404">
    <p class='ocr_par' dir='ltr' id='par_1_2' title="bbox 85 320 1071 404">
     <span class='ocr_line' id='line_1_2' title="bbox 85 320 1071 404; baseline 0.005 -23"><span class='ocrx_word' id='word_1_6' title='bbox 85 320 163 385; x_wconf 83' lang='lat' dir='ltr'><strong>initas</strong></span> <span class='ocrx_word' id='word_1_7' title='bbox 183 327 324 403; x_wconf 89' lang='lat' dir='ltr'><strong>secunda,</strong></span> <span class='ocrx_word' id='word_1_8' title='bbox 353 348 410 404; x_wconf 90' lang='lat' dir='ltr'><strong>que</strong></span> <span class='ocrx_word' id='word_1_9' title='bbox 432 326 576 386; x_wconf 74' lang='lat' dir='ltr'>remansit</span> <span class='ocrx_word' id='word_1_10' title='bbox 598 346 633 384; x_wconf 85' lang='lat' dir='ltr'><strong>ex</strong></span> <span class='ocrx_word' id='word_1_11' title='bbox 657 328 798 403; x_wconf 87' lang='lat' dir='ltr'><strong>secunda,</strong></span> <span class='ocrx_word' id='word_1_12' title='bbox 827 347 895 386; x_wconf 90' lang='lat' dir='ltr'><strong>oum</strong></span> <span class='ocrx_word' id='word_1_13' title='bbox 917 331 1071 386; x_wconf 76' lang='lat' dir='ltr'><strong>mensurat</strong></span> 
     </span>
    </p>
   </div>
   <div class='ocr_carea' id='block_1_3' title="bbox 42 409 1114 1202">
    <p class='ocr_par' dir='ltr' id='par_1_3' title="bbox 82 409 1071 582">
     <span class='ocr_line' id='line_1_3' title="bbox 84 409 1070 493; baseline 0.002 -20"><span class='ocrx_word' id='word_1_14' title='bbox 84 409 159 485; x_wconf 75' lang='lat' dir='ltr'><strong>ipsam</strong></span> <span class='ocrx_word' id='word_1_15' title='bbox 184 416 388 493; x_wconf 87' lang='lat' dir='ltr'><strong>superfluitas,</strong></span> <span class='ocrx_word' id='word_1_16' title='bbox 417 436 475 492; x_wconf 90' lang='lat' dir='ltr'><strong>que</strong></span> <span class='ocrx_word' id='word_1_17' title='bbox 497 417 639 475; x_wconf 73' lang='lat' dir='ltr'><strong>remansit</strong></span> <span class='ocrx_word' id='word_1_18' title='bbox 662 434 697 474; x_wconf 86' lang='lat' dir='ltr'><strong>ex</strong></span> <span class='ocrx_word' id='word_1_19' title='bbox 718 416 826 490; x_wconf 88' lang='lat' dir='ltr'><strong>tercia,</strong></span> <span class='ocrx_word' id='word_1_20' title='bbox 848 417 946 476; x_wconf 91' lang='lat' dir='ltr'><strong>minor</strong></span> <span class='ocrx_word' id='word_1_21' title='bbox 968 436 1070 493; x_wconf 90' lang='lat' dir='ltr'><strong>super-</strong></span> 
     </span>
     <span class='ocr_line' id='line_1_4' title="bbox 82 498 1071 582; baseline 0.006 -22"><span class='ocrx_word' id='word_1_22' title='bbox 82 498 183 581; x_wconf 79' lang='lat' dir='ltr'><strong>fluitate,</strong></span> <span class='ocrx_word' id='word_1_23' title='bbox 207 526 265 582; x_wconf 89' lang='lat' dir='ltr'><strong>que</strong></span> <span class='ocrx_word' id='word_1_24' title='bbox 288 507 432 565; x_wconf 78' lang='lat' dir='ltr'><strong>remansit</strong></span> <span class='ocrx_word' id='word_1_25' title='bbox 454 525 489 564; x_wconf 86' lang='lat' dir='ltr'><strong>ex</strong></span> <span class='ocrx_word' id='word_1_26' title='bbox 511 505 618 577; x_wconf 74' lang='lat' dir='ltr'><strong>tercia,</strong></span> <span class='ocrx_word' id='word_1_27' title='bbox 641 524 736 580; x_wconf 87' lang='lat' dir='ltr'><strong>neque</strong></span> <span class='ocrx_word' id='word_1_28' title='bbox 759 525 893 581; x_wconf 91' lang='lat' dir='ltr'><strong>unquam</strong></span> <span class='ocrx_word' id='word_1_29' title='bbox 910 506 1071 566; x_wconf 83' lang='lat' dir='ltr'><strong>removerit</strong></span> 
     </span>
    </p>

    <p class='ocr_par' dir='ltr' id='par_1_4' title="bbox 42 594 1114 848">
     <span class='ocr_line' id='line_1_5' title="bbox 42 594 1070 670; baseline -0.001 -17"><span class='ocrx_word' id='word_1_30' title='bbox 42 648 44 653; x_wconf 91' lang='lat'><em>.</em></span> <span class='ocrx_word' id='word_1_31' title='bbox 81 604 104 646; x_wconf 78' lang='lat'><strong>⁸⁰</strong></span> <span class='ocrx_word' id='word_1_32' title='bbox 120 595 274 654; x_wconf 88' lang='lat' dir='ltr'><strong>multitudo</strong></span> <span class='ocrx_word' id='word_1_33' title='bbox 297 594 527 654; x_wconf 80' lang='lat' dir='ltr'><strong>mensurationis</strong></span> <span class='ocrx_word' id='word_1_34' title='bbox 548 594 789 669; x_wconf 86' lang='lat' dir='ltr'><strong>superfluitatum</strong></span> <span class='ocrx_word' id='word_1_35' title='bbox 809 595 954 670; x_wconf 85' lang='lat' dir='ltr'><strong>usquein</strong></span> <span class='ocrx_word' id='word_1_36' title='bbox 973 595 1070 654; x_wconf 90' lang='lat' dir='ltr'><strong>infini-</strong></span> 
     </span>
     <span class='ocr_line' id='line_1_6' title="bbox 81 677 1114 758; baseline 0.002 -19"><span class='ocrx_word' id='word_1_37' title='bbox 81 677 142 740; x_wconf 78' lang='lat' dir='ltr'><strong>tum:</strong></span> <span class='ocrx_word' id='word_1_38' title='bbox 162 685 235 742; x_wconf 90' lang='lat' dir='ltr'><strong>tunc</strong></span> <span class='ocrx_word' id='word_1_39' title='bbox 258 684 456 758; x_wconf 72' lang='lat' dir='ltr'><strong>quantitates,</strong></span> <span class='ocrx_word' id='word_1_40' title='bbox 480 702 536 758; x_wconf 91' lang='lat' dir='ltr'><strong>que</strong></span> <span class='ocrx_word' id='word_1_41' title='bbox 559 685 648 741; x_wconf 89' lang='lat' dir='ltr'><strong>erunt</strong></span> <span class='ocrx_word' id='word_1_42' title='bbox 670 683 833 742; x_wconf 85' lang='lat' dir='ltr'><strong>secundum</strong></span> <span class='ocrx_word' id='word_1_43' title='bbox 855 684 931 743; x_wconf 87' lang='lat' dir='ltr'><strong>hanc</strong></span> <span class='ocrx_word' id='word_1_44' title='bbox 953 684 1069 743; x_wconf 92' lang='lat' dir='ltr'><strong>habitu·</strong></span> <span class='ocrx_word' id='word_1_45' title='bbox 1097 695 1114 735; x_wconf 73' lang='lat'><strong>⁵</strong></span> 
     </span>
     <span class='ocr_line' id='line_1_7' title="bbox 80 763 1070 848; baseline 0.003 -21"><span class='ocrx_word' id='word_1_46' title='bbox 80 763 166 847; x_wconf 88' lang='lat' dir='ltr'><strong>dinem,</strong></span> <span class='ocrx_word' id='word_1_47' title='bbox 189 772 331 833; x_wconf 82' lang='lat' dir='ltr'><strong>dicuntur</strong></span> <span class='ocrx_word' id='word_1_48' title='bbox 353 772 598 848; x_wconf 80' lang='lat' dir='ltr'><strong>proportionales,</strong></span> <span class='ocrx_word' id='word_1_49' title='bbox 622 774 652 828; x_wconf 90' lang='lat' dir='ltr'><strong>et</strong></span> <span class='ocrx_word' id='word_1_50' title='bbox 675 772 732 830; x_wconf 90' lang='lat' dir='ltr'><strong>erit</strong></span> <span class='ocrx_word' id='word_1_51' title='bbox 754 772 908 848; x_wconf 83' lang='lat' dir='ltr'><strong>habitudo,</strong></span> <span class='ocrx_word' id='word_1_52' title='bbox 932 792 989 848; x_wconf 92' lang='lat' dir='ltr'><strong>que</strong></span> <span class='ocrx_word' id='word_1_53' title='bbox 1013 773 1070 831; x_wconf 88' lang='lat' dir='ltr'><strong>erit</strong></span> 
     </span>
    </p>

    <p class='ocr_par' dir='ltr' id='par_1_5' title="bbox 42 853 638 937">
     <span class='ocr_line' id='line_1_8' title="bbox 42 853 638 937; baseline 0.005 -23"><span class='ocrx_word' id='word_1_54' title='bbox 42 930 45 935; x_wconf 22' lang='grc' dir='ltr'>ι</span> <span class='ocrx_word' id='word_1_55' title='bbox 77 853 217 937; x_wconf 89' lang='lat' dir='ltr'><strong>intereas,</strong></span> <span class='ocrx_word' id='word_1_56' title='bbox 240 861 405 920; x_wconf 88' lang='lat' dir='ltr'><strong>similitudo</strong></span> <span class='ocrx_word' id='word_1_57' title='bbox 428 861 638 936; x_wconf 89' lang='lat' dir='ltr'><strong>proportionis.</strong></span> 
     </span>
    </p>

    <p class='ocr_par' dir='ltr' id='par_1_6' title="bbox 42 949 1113 1202">
     <span class='ocr_line' id='line_1_9' title="bbox 42 949 1070 1027; baseline 0.003 -22"><span class='ocrx_word' id='word_1_58' title='bbox 42 974 64 1027; x_wconf 61' lang='lat'><strong>¹,</strong></span> <span class='ocrx_word' id='word_1_59' title='bbox 127 949 217 1008; x_wconf 89' lang='lat' dir='ltr'><strong>Verbi</strong></span> <span class='ocrx_word' id='word_1_60' title='bbox 248 950 355 1027; x_wconf 82' lang='lat' dir='ltr'><strong>gratia.</strong></span> <span class='ocrx_word' id='word_1_61' title='bbox 410 949 524 1008; x_wconf 89' lang='lat' dir='ltr'><strong>Ponam</strong></span> <span class='ocrx_word' id='word_1_62' title='bbox 555 949 682 1024; x_wconf 88' lang='lat' dir='ltr'><strong>primam</strong></span> <span class='ocrx_word' id='word_1_63' title='bbox 715 949 916 1023; x_wconf 87' lang='lat' dir='ltr'><strong>quantitatem</strong></span> <span class='ocrx_word' id='word_1_64' title='bbox 949 951 1002 1023; x_wconf 88' lang='lat' dir='ltr'><strong>ab,</strong></span> <span class='ocrx_word' id='word_1_65' title='bbox 1040 953 1070 1007; x_wconf 90' lang='lat' dir='ltr'><strong>et</strong></span> 
     </span>
     <span class='ocr_line' id='line_1_10' title="bbox 75 1037 1070 1113; baseline 0.003 -21"><span class='ocrx_word' id='word_1_66' title='bbox 75 1038 217 1096; x_wconf 85' lang='lat' dir='ltr'><strong>secundam</strong></span> <span class='ocrx_word' id='word_1_67' title='bbox 241 1040 299 1113; x_wconf 76' lang='lat' dir='ltr'><strong>qd,</strong></span> <span class='ocrx_word' id='word_1_68' title='bbox 328 1040 359 1096; x_wconf 90' lang='lat' dir='ltr'><strong>ct</strong></span> <span class='ocrx_word' id='word_1_69' title='bbox 380 1037 504 1096; x_wconf 84' lang='lat' dir='ltr'><strong>terciam</strong></span> <span class='ocrx_word' id='word_1_70' title='bbox 528 1056 574 1113; x_wconf 81' lang='lat' dir='ltr'><strong>ca,</strong></span> <span class='ocrx_word' id='word_1_71' title='bbox 598 1040 628 1096; x_wconf 90' lang='lat' dir='ltr'><strong>et</strong></span> <span class='ocrx_word' id='word_1_72' title='bbox 650 1057 773 1113; x_wconf 89' lang='lat' dir='ltr'><strong>ponam,</strong></span> <span class='ocrx_word' id='word_1_73' title='bbox 796 1041 832 1095; x_wconf 94' lang='lat' dir='ltr'><strong>ut</strong></span> <span class='ocrx_word' id='word_1_74' title='bbox 855 1039 896 1096; x_wconf 84' lang='lat' dir='ltr'><strong>ab</strong></span> <span class='ocrx_word' id='word_1_75' title='bbox 918 1042 1070 1096; x_wconf 88' lang='lat' dir='ltr'><strong>mensuret</strong></span> 
     </span>
     <span class='ocr_line' id='line_1_11' title="bbox 70 1126 1113 1202; baseline -0.003 -19"><span class='ocrx_word' id='word_1_76' title='bbox 70 1126 105 1196; x_wconf 68' lang='lat' dir='ltr'><strong>od</strong></span> <span class='ocrx_word' id='word_1_77' title='bbox 123 1127 166 1185; x_wconf 92' lang='lat' dir='ltr'><strong>bis</strong></span> <span class='ocrx_word' id='word_1_78' title='bbox 190 1126 351 1185; x_wconf 88' lang='lat' dir='ltr'><strong>secundum</strong></span> <span class='ocrx_word' id='word_1_79' title='bbox 376 1127 576 1201; x_wconf 86' lang='lat' dir='ltr'><strong>quantitatem</strong></span> <span class='ocrx_word' id='word_1_80' title='bbox 595 1127 706 1185; x_wconf 88' lang='lat' dir='ltr'><strong>scilicet</strong></span> <span class='ocrx_word' id='word_1_81' title='bbox 722 1128 773 1201; x_wconf 73' lang='lat' dir='ltr'><strong>pl,</strong></span> <span class='ocrx_word' id='word_1_82' title='bbox 790 1127 833 1201; x_wconf 74' lang='lat' dir='ltr'><strong>let,</strong></span> <span class='ocrx_word' id='word_1_83' title='bbox 857 1130 887 1184; x_wconf 89' lang='lat' dir='ltr'><strong>et</strong></span> <span class='ocrx_word' id='word_1_84' title='bbox 906 1127 1070 1202; x_wconf 89' lang='lat' dir='ltr'><strong>superfluat</strong></span> <span class='ocrx_word' id='word_1_85' title='bbox 1085 1140 1113 1178; x_wconf 82' lang='lat' dir='ltr'><strong>ro</strong></span> 
     </span>
    </p>
   </div>
   <div class='ocr_carea' id='block_1_4' title="bbox 83 1297 261 1404">
    <p class='ocr_par' dir='ltr' id='par_1_7' title="bbox 83 1297 261 1404">
     <span class='ocr_line' id='line_1_12' title="bbox 83 1297 261 1350; baseline 0.011 -2"><span class='ocrx_word' id='word_1_86' title='bbox 83 1312 98 1348; x_wconf 88' lang='lat' dir='ltr'><strong>a</strong></span> <span class='ocrx_word' id='word_1_87' title='bbox 130 1314 156 1349; x_wconf 86' lang='lat' dir='ltr'><strong>m</strong></span> <span class='ocrx_word' id='word_1_88' title='bbox 197 1314 218 1350; x_wconf 78' lang='lat' dir='ltr'><strong>a</strong></span> <span class='ocrx_word' id='word_1_89' title='bbox 245 1297 261 1350; x_wconf 86' lang='lat' dir='ltr'><strong>b</strong></span> 
     </span>
     <span class='ocr_line' id='line_1_13' title="bbox 91 1368 248 1404; baseline 0.019 -3"><span class='ocrx_word' id='word_1_90' title='bbox 91 1368 248 1404; x_wconf 72' lang='lat' dir='ltr'><strong>r—r—r-1</strong></span> 
     </span>
    </p>
   </div>
   <div class='ocr_carea' id='block_1_5' title="bbox 78 1474 509 1581">
    <p class='ocr_par' dir='ltr' id='par_1_8' title="bbox 78 1474 509 1581">
     <span class='ocr_line' id='line_1_14' title="bbox 78 1474 509 1581; baseline -0.002 0"><span class='ocrx_word' id='word_1_91' title='bbox 78 1474 509 1581; x_wconf 54' lang='lat' dir='ltr'><strong>t--b--l-i-l-l·</strong></span> 
     </span>
    </p>
   </div>
   <div class='ocr_carea' id='block_1_6' title="bbox 81 1650 1058 1759">
    <p class='ocr_par' dir='ltr' id='par_1_9' title="bbox 81 1650 1058 1759">
     <span class='ocr_line' id='line_1_15' title="bbox 81 1650 1058 1759; baseline 0.003 -3"><span class='ocrx_word' id='word_1_92' title='bbox 81 1668 94 1705; x_wconf 52' lang='grc' dir='ltr'><strong><em>ε</em></strong></span> <span class='ocrx_word' id='word_1_93' title='bbox 484 1650 501 1756; x_wconf 76' lang='lat' dir='ltr'><strong>l</strong></span> <span class='ocrx_word' id='word_1_94' title='bbox 886 1652 896 1758; x_wconf 65' lang='lat' dir='ltr'><strong>r</strong></span> <span class='ocrx_word' id='word_1_95' title='bbox 1043 1667 1058 1759; x_wconf 61' lang='lat' dir='ltr'><strong>a</strong></span> 
     </span>
     <span class='ocr_line' id='line_1_16' title="bbox 84 1722 486 1759; baseline 0.005 -17"><span class='ocrx_word' id='word_1_96' title='bbox 84 1722 486 1759; x_wconf 17' lang='lat' dir='ltr'><strong>pm„-</strong></span> 
     </span>
    </p>
   </div>
   <div class='ocr_carea' id='block_1_7' title="bbox 51 1853 1114 3439">
    <p class='ocr_par' dir='ltr' id='par_1_10' title="bbox 51 1853 1114 3439">
     <span class='ocr_line' id='line_1_17' title="bbox 57 1853 1072 1929; baseline 0.001 -16"><span class='ocrx_word' id='word_1_97' title='bbox 57 1857 92 1914; x_wconf 73' lang='lat' dir='ltr'><strong>ta</strong></span> <span class='ocrx_word' id='word_1_98' title='bbox 112 1855 212 1914; x_wconf 91' lang='lat' dir='ltr'><strong>minor</strong></span> <span class='ocrx_word' id='word_1_99' title='bbox 235 1856 290 1929; x_wconf 82' lang='lat' dir='ltr'><strong>ob3</strong></span> <span class='ocrx_word' id='word_1_100' title='bbox 319 1859 350 1914; x_wconf 90' lang='lat' dir='ltr'><strong>et</strong></span> <span class='ocrx_word' id='word_1_101' title='bbox 372 1857 524 1913; x_wconf 87' lang='lat' dir='ltr'><strong>mensuret</strong></span> <span class='ocrx_word' id='word_1_102' title='bbox 547 1855 638 1913; x_wconf 89' lang='lat' dir='ltr'><strong>etiam</strong></span> <span class='ocrx_word' id='word_1_103' title='bbox 658 1855 702 1927; x_wconf 70' lang='lat' dir='ltr'><strong>qd</strong></span> <span class='ocrx_word' id='word_1_104' title='bbox 725 1853 828 1911; x_wconf 88' lang='lat' dir='ltr'><strong>eadem</strong></span> <span class='ocrx_word' id='word_1_105' title='bbox 849 1856 1072 1914; x_wconf 85' lang='lat' dir='ltr'><strong>mensuratione</strong></span> 
     </span>
     <span class='ocr_line' id='line_1_18' title="bbox 58 1942 1070 2020; baseline -0.002 -16"><span class='ocrx_word' id='word_1_106' title='bbox 58 1962 104 2020; x_wconf 78' lang='lat' dir='ltr'><strong>ea,</strong></span> <span class='ocrx_word' id='word_1_107' title='bbox 131 1943 247 2003; x_wconf 88' lang='lat' dir='ltr'><strong>scilieet</strong></span> <span class='ocrx_word' id='word_1_108' title='bbox 270 1945 315 2017; x_wconf 78' lang='lat' dir='ltr'><strong>cle,</strong></span> <span class='ocrx_word' id='word_1_109' title='bbox 337 1945 383 2019; x_wconf 79' lang='lat' dir='ltr'><strong>let,</strong></span> <span class='ocrx_word' id='word_1_110' title='bbox 407 1946 438 2001; x_wconf 87' lang='lat' dir='ltr'><strong>et</strong></span> <span class='ocrx_word' id='word_1_111' title='bbox 460 1943 625 2018; x_wconf 88' lang='lat' dir='ltr'><strong>superfluat</strong></span> <span class='ocrx_word' id='word_1_112' title='bbox 648 1944 690 2018; x_wconf 74' lang='lat' dir='ltr'><strong>le,</strong></span> <span class='ocrx_word' id='word_1_113' title='bbox 713 1942 810 2002; x_wconf 90' lang='lat' dir='ltr'><strong>minor</strong></span> <span class='ocrx_word' id='word_1_114' title='bbox 830 1945 887 2017; x_wconf 76' lang='lat' dir='ltr'><strong>9d3</strong></span> <span class='ocrx_word' id='word_1_115' title='bbox 912 1947 942 2002; x_wconf 91' lang='lat' dir='ltr'><strong>et</strong></span> <span class='ocrx_word' id='word_1_116' title='bbox 965 1945 1070 2002; x_wconf 85' lang='lat' dir='ltr'><strong>deinde</strong></span> 
     </span>
     <span class='ocr_line' id='line_1_19' title="bbox 57 2031 1070 2108; baseline 0 -17"><span class='ocrx_word' id='word_1_117' title='bbox 57 2033 149 2091; x_wconf 83' lang='lat' dir='ltr'><strong>etiam</strong></span> <span class='ocrx_word' id='word_1_118' title='bbox 170 2035 324 2091; x_wconf 92' lang='lat' dir='ltr'><strong>mensuret</strong></span> <span class='ocrx_word' id='word_1_119' title='bbox 346 2034 384 2091; x_wconf 82' lang='lat' dir='ltr'><strong>dt</strong></span> <span class='ocrx_word' id='word_1_120' title='bbox 404 2034 454 2108; x_wconf 81' lang='lat' dir='ltr'><strong>ab,</strong></span> <span class='ocrx_word' id='word_1_121' title='bbox 478 2036 508 2090; x_wconf 94' lang='lat' dir='ltr'><strong>et</strong></span> <span class='ocrx_word' id='word_1_122' title='bbox 530 2049 648 2107; x_wconf 90' lang='lat' dir='ltr'><strong>ponam,</strong></span> <span class='ocrx_word' id='word_1_123' title='bbox 671 2033 707 2089; x_wconf 88' lang='lat' dir='ltr'><strong>ut</strong></span> <span class='ocrx_word' id='word_1_124' title='bbox 729 2031 819 2090; x_wconf 88' lang='lat' dir='ltr'><strong>etiam</strong></span> <span class='ocrx_word' id='word_1_125' title='bbox 837 2036 987 2091; x_wconf 89' lang='lat' dir='ltr'><strong>mensuret</strong></span> <span class='ocrx_word' id='word_1_126' title='bbox 1005 2053 1070 2091; x_wconf 90' lang='lat' dir='ltr'><strong>eam</strong></span> 
     </span>
     <span class='ocr_line' id='line_1_20' title="bbox 54 2120 1070 2197; baseline -0.002 -17"><span class='ocrx_word' id='word_1_127' title='bbox 54 2121 108 2196; x_wconf 89' lang='lat' dir='ltr'><strong>bis,</strong></span> <span class='ocrx_word' id='word_1_128' title='bbox 132 2121 247 2180; x_wconf 80' lang='lat' dir='ltr'><strong>seilicet</strong></span> <span class='ocrx_word' id='word_1_129' title='bbox 270 2140 331 2197; x_wconf 81' lang='lat' dir='ltr'><strong>am,</strong></span> <span class='ocrx_word' id='word_1_130' title='bbox 354 2140 417 2196; x_wconf 79' lang='lat' dir='ltr'><strong>mu,</strong></span> <span class='ocrx_word' id='word_1_131' title='bbox 441 2123 472 2178; x_wconf 85' lang='lat' dir='ltr'><strong>et</strong></span> <span class='ocrx_word' id='word_1_132' title='bbox 494 2121 658 2196; x_wconf 87' lang='lat' dir='ltr'><strong>superfluat</strong></span> <span class='ocrx_word' id='word_1_133' title='bbox 680 2122 723 2179; x_wconf 78' lang='lat' dir='ltr'><strong>ab</strong></span> <span class='ocrx_word' id='word_1_134' title='bbox 746 2120 843 2180; x_wconf 90' lang='lat' dir='ltr'><strong>minor</strong></span> <span class='ocrx_word' id='word_1_135' title='bbox 865 2123 912 2193; x_wconf 66' lang='lat' dir='ltr'><strong>at,</strong></span> <span class='ocrx_word' id='word_1_136' title='bbox 937 2125 967 2179; x_wconf 90' lang='lat' dir='ltr'><strong>et</strong></span> <span class='ocrx_word' id='word_1_137' title='bbox 989 2141 1070 2184; x_wconf 86' lang='lat' dir='ltr'><strong>men·</strong></span> 
     </span>
     <span class='ocr_line' id='line_1_21' title="bbox 53 2209 1113 2284; baseline -0.002 -15"><span class='ocrx_word' id='word_1_138' title='bbox 53 2214 139 2269; x_wconf 87' lang='lat' dir='ltr'><strong>suret</strong></span> <span class='ocrx_word' id='word_1_139' title='bbox 161 2211 192 2269; x_wconf 80' lang='lat' dir='ltr'><strong>la</strong></span> <span class='ocrx_word' id='word_1_140' title='bbox 214 2209 319 2267; x_wconf 87' lang='lat' dir='ltr'><strong>eadem</strong></span> <span class='ocrx_word' id='word_1_141' title='bbox 340 2210 560 2268; x_wconf 87' lang='lat' dir='ltr'><strong>mensuratione</strong></span> <span class='ocrx_word' id='word_1_142' title='bbox 584 2211 626 2283; x_wconf 79' lang='lat' dir='ltr'><strong>td,</strong></span> <span class='ocrx_word' id='word_1_143' title='bbox 650 2209 770 2283; x_wconf 89' lang='lat' dir='ltr'><strong>scilicet,</strong></span> <span class='ocrx_word' id='word_1_144' title='bbox 795 2213 832 2284; x_wconf 88' lang='lat' dir='ltr'><strong>ts,</strong></span> <span class='ocrx_word' id='word_1_145' title='bbox 851 2227 896 2283; x_wconf 81' lang='lat' dir='ltr'><strong>sq,</strong></span> <span class='ocrx_word' id='word_1_146' title='bbox 920 2212 950 2267; x_wconf 92' lang='lat' dir='ltr'><strong>et</strong></span> <span class='ocrx_word' id='word_1_147' title='bbox 968 2219 1113 2284; x_wconf 74' lang='lat' dir='ltr'><strong>super-1⁵</strong></span> 
     </span>
     <span class='ocr_line' id='line_1_22' title="bbox 55 2297 1069 2372; baseline -0.002 -15"><span class='ocrx_word' id='word_1_148' title='bbox 55 2299 131 2358; x_wconf 81' lang='lat' dir='ltr'><strong>fluat</strong></span> <span class='ocrx_word' id='word_1_149' title='bbox 158 2299 202 2372; x_wconf 81' lang='lat' dir='ltr'><strong>qd</strong></span> <span class='ocrx_word' id='word_1_150' title='bbox 229 2298 327 2358; x_wconf 91' lang='lat' dir='ltr'><strong>minor</strong></span> <span class='ocrx_word' id='word_1_151' title='bbox 354 2299 397 2370; x_wconf 81' lang='lat' dir='ltr'><strong>la3</strong></span> <span class='ocrx_word' id='word_1_152' title='bbox 425 2301 455 2356; x_wconf 88' lang='lat' dir='ltr'><strong>et</strong></span> <span class='ocrx_word' id='word_1_153' title='bbox 482 2316 541 2356; x_wconf 93' lang='lat' dir='ltr'><strong>non</strong></span> <span class='ocrx_word' id='word_1_154' title='bbox 566 2300 737 2356; x_wconf 83' lang='lat' dir='ltr'><strong>removetur</strong></span> <span class='ocrx_word' id='word_1_155' title='bbox 759 2297 813 2354; x_wconf 89' lang='lat' dir='ltr'><strong>hec</strong></span> <span class='ocrx_word' id='word_1_156' title='bbox 835 2297 1008 2356; x_wconf 78' lang='lat' dir='ltr'><strong>vicissitudo</strong></span> <span class='ocrx_word' id='word_1_157' title='bbox 1033 2297 1069 2355; x_wconf 92' lang='lat' dir='ltr'><strong>ab</strong></span> 
     </span>
     <span class='ocr_line' id='line_1_23' title="bbox 51 2385 1069 2462; baseline -0.003 -16"><span class='ocrx_word' id='word_1_158' title='bbox 51 2388 100 2446; x_wconf 88' lang='lat' dir='ltr'><strong>his</strong></span> <span class='ocrx_word' id='word_1_159' title='bbox 128 2387 226 2445; x_wconf 85' lang='lat' dir='ltr'><strong>tribus</strong></span> <span class='ocrx_word' id='word_1_160' title='bbox 257 2386 477 2462; x_wconf 83' lang='lat' dir='ltr'><strong>quantitatibus</strong></span> <span class='ocrx_word' id='word_1_161' title='bbox 506 2405 625 2445; x_wconf 91' lang='lat' dir='ltr'><strong>currens</strong></span> <span class='ocrx_word' id='word_1_162' title='bbox 649 2386 734 2460; x_wconf 91' lang='lat' dir='ltr'><strong>sequi</strong></span> <span class='ocrx_word' id='word_1_163' title='bbox 758 2385 951 2460; x_wconf 87' lang='lat' dir='ltr'><strong>equalitatem</strong></span> <span class='ocrx_word' id='word_1_164' title='bbox 974 2404 1069 2461; x_wconf 89' lang='lat' dir='ltr'><strong>usque</strong></span> 
     </span>
     <span class='ocr_line' id='line_1_24' title="bbox 53 2469 1069 2554; baseline -0.002 -20"><span class='ocrx_word' id='word_1_165' title='bbox 53 2477 88 2534; x_wconf 90' lang='lat' dir='ltr'><strong>in</strong></span> <span class='ocrx_word' id='word_1_166' title='bbox 109 2475 273 2535; x_wconf 88' lang='lat' dir='ltr'><strong>infinitum:</strong></span> <span class='ocrx_word' id='word_1_167' title='bbox 297 2476 355 2534; x_wconf 87' lang='lat' dir='ltr'><strong>crit</strong></span> <span class='ocrx_word' id='word_1_168' title='bbox 372 2495 442 2552; x_wconf 86' lang='lat' dir='ltr'><strong>ergo</strong></span> <span class='ocrx_word' id='word_1_169' title='bbox 462 2479 532 2534; x_wconf 88' lang='lat' dir='ltr'><strong>tunc</strong></span> <span class='ocrx_word' id='word_1_170' title='bbox 551 2476 604 2533; x_wconf 91' lang='lat' dir='ltr'><strong>hec</strong></span> <span class='ocrx_word' id='word_1_171' title='bbox 622 2474 766 2534; x_wconf 87' lang='lat' dir='ltr'><strong>habitudo</strong></span> <span class='ocrx_word' id='word_1_172' title='bbox 784 2469 971 2554; x_wconf 84' lang='lat' dir='ltr'><strong>&lt;habitudo&gt;</strong></span> <span class='ocrx_word' id='word_1_173' title='bbox 990 2475 1069 2533; x_wconf 92' lang='lat' dir='ltr'><strong>simi·</strong></span> 
     </span>
     <span class='ocr_line' id='line_1_25' title="bbox 53 2563 1071 2640; baseline -0.002 -17"><span class='ocrx_word' id='word_1_174' title='bbox 53 2564 195 2623; x_wconf 88' lang='lat' dir='ltr'><strong>litudinis</strong></span> <span class='ocrx_word' id='word_1_175' title='bbox 213 2565 423 2640; x_wconf 84' lang='lat' dir='ltr'><strong>proportionis,</strong></span> <span class='ocrx_word' id='word_1_176' title='bbox 446 2566 476 2623; x_wconf 89' lang='lat' dir='ltr'><strong>et</strong></span> <span class='ocrx_word' id='word_1_177' title='bbox 495 2568 540 2623; x_wconf 87' lang='lat' dir='ltr'><strong>est</strong></span> <span class='ocrx_word' id='word_1_178' title='bbox 558 2563 830 2639; x_wconf 79' lang='lat' dir='ltr'><strong>proportionalitas,</strong></span> <span class='ocrx_word' id='word_1_179' title='bbox 853 2583 910 2638; x_wconf 91' lang='lat' dir='ltr'><strong>que</strong></span> <span class='ocrx_word' id='word_1_180' title='bbox 929 2567 975 2622; x_wconf 90' lang='lat' dir='ltr'><strong>est</strong></span> <span class='ocrx_word' id='word_1_181' title='bbox 992 2564 1071 2622; x_wconf 89' lang='lat' dir='ltr'><strong>inter</strong></span> 
     </span>
     <span class='ocr_line' id='line_1_26' title="bbox 56 2653 1114 2730; baseline -0.002 -17"><span class='ocrx_word' id='word_1_182' title='bbox 56 2653 251 2730; x_wconf 79' lang='lat' dir='ltr'><strong>quantitates</strong></span> <span class='ocrx_word' id='word_1_183' title='bbox 293 2653 334 2712; x_wconf 80' lang='lat' dir='ltr'><strong>Et</strong></span> <span class='ocrx_word' id='word_1_184' title='bbox 355 2653 509 2728; x_wconf 87' lang='lat' dir='ltr'><strong>habitudo,</strong></span> <span class='ocrx_word' id='word_1_185' title='bbox 534 2672 591 2728; x_wconf 89' lang='lat' dir='ltr'><strong>que</strong></span> <span class='ocrx_word' id='word_1_186' title='bbox 614 2656 660 2711; x_wconf 91' lang='lat' dir='ltr'><strong>est</strong></span> <span class='ocrx_word' id='word_1_187' title='bbox 682 2653 760 2712; x_wconf 90' lang='lat' dir='ltr'><strong>inter</strong></span> <span class='ocrx_word' id='word_1_188' title='bbox 784 2653 968 2727; x_wconf 85' lang='lat' dir='ltr'><strong>quantitates</strong></span> <span class='ocrx_word' id='word_1_189' title='bbox 992 2671 1069 2712; x_wconf 91' lang='lat' dir='ltr'><strong>com·</strong></span> <span class='ocrx_word' id='word_1_190' title='bbox 1085 2665 1114 2703; x_wconf 75' lang='lat'><strong>2⁰</strong></span> 
     </span>
     <span class='ocr_line' id='line_1_27' title="bbox 52 2741 1071 2817; baseline -0.001 -16"><span class='ocrx_word' id='word_1_191' title='bbox 52 2741 257 2817; x_wconf 88' lang='lat' dir='ltr'><strong>municantes,</strong></span> <span class='ocrx_word' id='word_1_192' title='bbox 286 2745 331 2800; x_wconf 91' lang='lat' dir='ltr'><strong>est</strong></span> <span class='ocrx_word' id='word_1_193' title='bbox 353 2742 515 2801; x_wconf 89' lang='lat' dir='ltr'><strong>communis</strong></span> <span class='ocrx_word' id='word_1_194' title='bbox 540 2742 709 2817; x_wconf 88' lang='lat' dir='ltr'><strong>quantitate</strong></span> <span class='ocrx_word' id='word_1_195' title='bbox 734 2741 858 2800; x_wconf 86' lang='lat' dir='ltr'><strong>discrete</strong></span> <span class='ocrx_word' id='word_1_196' title='bbox 882 2745 911 2800; x_wconf 88' lang='lat' dir='ltr'><strong>et</strong></span> <span class='ocrx_word' id='word_1_197' title='bbox 935 2742 1071 2801; x_wconf 90' lang='lat' dir='ltr'><strong>omnibus</strong></span> 
     </span>
     <span class='ocr_line' id='line_1_28' title="bbox 56 2829 1072 2907; baseline -0.001 -18"><span class='ocrx_word' id='word_1_198' title='bbox 56 2830 280 2907; x_wconf 88' lang='lat' dir='ltr'><strong>quantitatibus</strong></span> <span class='ocrx_word' id='word_1_199' title='bbox 308 2831 469 2906; x_wconf 85' lang='lat' dir='ltr'><strong>continuis,</strong></span> <span class='ocrx_word' id='word_1_200' title='bbox 498 2849 565 2889; x_wconf 92' lang='lat' dir='ltr'><strong>cum</strong></span> <span class='ocrx_word' id='word_1_201' title='bbox 591 2831 704 2889; x_wconf 84' lang='lat' dir='ltr'><strong>fuerint</strong></span> <span class='ocrx_word' id='word_1_202' title='bbox 728 2831 991 2904; x_wconf 74' lang='lat' dir='ltr'><strong>communicantes,</strong></span> <span class='ocrx_word' id='word_1_203' title='bbox 1019 2829 1072 2888; x_wconf 87' lang='lat' dir='ltr'><strong>sed</strong></span> 
     </span>
     <span class='ocr_line' id='line_1_29' title="bbox 55 2918 1071 2995; baseline -0.003 -15"><span class='ocrx_word' id='word_1_204' title='bbox 55 2919 109 2980; x_wconf 87' lang='lat' dir='ltr'><strong>bec</strong></span> <span class='ocrx_word' id='word_1_205' title='bbox 138 2918 296 2995; x_wconf 88' lang='lat' dir='ltr'><strong>habitudo,</strong></span> <span class='ocrx_word' id='word_1_206' title='bbox 323 2938 380 2995; x_wconf 89' lang='lat' dir='ltr'><strong>que</strong></span> <span class='ocrx_word' id='word_1_207' title='bbox 408 2923 454 2978; x_wconf 90' lang='lat' dir='ltr'><strong>est</strong></span> <span class='ocrx_word' id='word_1_208' title='bbox 481 2919 659 2994; x_wconf 89' lang='lat' dir='ltr'><strong>sectionum,</strong></span> <span class='ocrx_word' id='word_1_209' title='bbox 687 2922 733 2978; x_wconf 89' lang='lat' dir='ltr'><strong>est</strong></span> <span class='ocrx_word' id='word_1_210' title='bbox 754 2919 875 2994; x_wconf 89' lang='lat' dir='ltr'><strong>propria</strong></span> <span class='ocrx_word' id='word_1_211' title='bbox 897 2919 929 2976; x_wconf 89' lang='lat' dir='ltr'><strong>in</strong></span> <span class='ocrx_word' id='word_1_212' title='bbox 952 2919 1071 2994; x_wconf 91' lang='lat' dir='ltr'><strong>quanti-</strong></span> 
     </span>
     <span class='ocr_line' id='line_1_30' title="bbox 53 3007 1109 3068; baseline 0 -1"><span class='ocrx_word' id='word_1_213' title='bbox 53 3007 170 3067; x_wconf 86' lang='lat' dir='ltr'><strong>tatibus</strong></span> <span class='ocrx_word' id='word_1_214' title='bbox 194 3008 350 3068; x_wconf 83' lang='lat' dir='ltr'><strong>continuis</strong></span> <span class='ocrx_word' id='word_1_215' title='bbox 1106 3011 1109 3016; x_wconf 86' lang='lat'>&#39;</span> 
     </span>
     <span class='ocr_line' id='line_1_31' title="bbox 123 3096 1112 3173; baseline 0.001 -19"><span class='ocrx_word' id='word_1_216' title='bbox 123 3097 164 3154; x_wconf 80' lang='lat' dir='ltr'><strong>Et</strong></span> <span class='ocrx_word' id='word_1_217' title='bbox 186 3096 232 3154; x_wconf 89' lang='lat' dir='ltr'><strong>ita</strong></span> <span class='ocrx_word' id='word_1_218' title='bbox 254 3096 345 3155; x_wconf 85' lang='lat' dir='ltr'><strong>etiam</strong></span> <span class='ocrx_word' id='word_1_219' title='bbox 368 3100 452 3172; x_wconf 87' lang='lat' dir='ltr'><strong>esset,</strong></span> <span class='ocrx_word' id='word_1_220' title='bbox 476 3097 501 3155; x_wconf 88' lang='lat' dir='ltr'><strong>si</strong></span> <span class='ocrx_word' id='word_1_221' title='bbox 523 3115 698 3173; x_wconf 90' lang='lat' dir='ltr'><strong>poneremus</strong></span> <span class='ocrx_word' id='word_1_222' title='bbox 723 3099 854 3172; x_wconf 91' lang='lat' dir='ltr'><strong>quatuor</strong></span> <span class='ocrx_word' id='word_1_223' title='bbox 877 3097 1070 3172; x_wconf 76' lang='lat' dir='ltr'><strong>quantitates</strong></span> <span class='ocrx_word' id='word_1_224' title='bbox 1085 3106 1112 3146; x_wconf 76' lang='lat'><strong>2⁵</strong></span> 
     </span>
     <span class='ocr_line' id='line_1_32' title="bbox 55 3184 1071 3262; baseline -0.001 -18"><span class='ocrx_word' id='word_1_225' title='bbox 55 3189 87 3245; x_wconf 89' lang='lat' dir='ltr'><strong>ct</strong></span> <span class='ocrx_word' id='word_1_226' title='bbox 105 3187 187 3244; x_wconf 84' lang='lat' dir='ltr'><strong>foret</strong></span> <span class='ocrx_word' id='word_1_227' title='bbox 204 3185 358 3261; x_wconf 87' lang='lat' dir='ltr'><strong>proportio</strong></span> <span class='ocrx_word' id='word_1_228' title='bbox 376 3187 470 3262; x_wconf 89' lang='lat' dir='ltr'><strong>prime</strong></span> <span class='ocrx_word' id='word_1_229' title='bbox 489 3186 528 3244; x_wconf 82' lang='lat' dir='ltr'><strong>ad</strong></span> <span class='ocrx_word' id='word_1_230' title='bbox 547 3184 705 3245; x_wconf 86' lang='lat' dir='ltr'><strong>secundam</strong></span> <span class='ocrx_word' id='word_1_231' title='bbox 723 3185 800 3246; x_wconf 91' lang='lat' dir='ltr'><strong>sicut</strong></span> <span class='ocrx_word' id='word_1_232' title='bbox 813 3186 966 3262; x_wconf 85' lang='lat' dir='ltr'><strong>proportio</strong></span> <span class='ocrx_word' id='word_1_233' title='bbox 980 3185 1071 3244; x_wconf 87' lang='lat' dir='ltr'><strong>tercie</strong></span> 
     </span>
     <span class='ocr_line' id='line_1_33' title="bbox 55 3274 1071 3352; baseline -0.003 -17"><span class='ocrx_word' id='word_1_234' title='bbox 55 3274 95 3335; x_wconf 86' lang='lat' dir='ltr'><strong>ad</strong></span> <span class='ocrx_word' id='word_1_235' title='bbox 124 3277 271 3350; x_wconf 88' lang='lat' dir='ltr'><strong>quartam.</strong></span> <span class='ocrx_word' id='word_1_236' title='bbox 317 3274 408 3333; x_wconf 89' lang='lat' dir='ltr'><strong>Verbi</strong></span> <span class='ocrx_word' id='word_1_237' title='bbox 435 3275 542 3352; x_wconf 78' lang='lat' dir='ltr'><strong>gratia.</strong></span> <span class='ocrx_word' id='word_1_238' title='bbox 587 3274 752 3350; x_wconf 86' lang='lat' dir='ltr'><strong>Ponamus,</strong></span> <span class='ocrx_word' id='word_1_239' title='bbox 780 3278 816 3333; x_wconf 93' lang='lat' dir='ltr'><strong>ut</strong></span> <span class='ocrx_word' id='word_1_240' title='bbox 840 3277 882 3334; x_wconf 82' lang='lat' dir='ltr'><strong>ab</strong></span> <span class='ocrx_word' id='word_1_241' title='bbox 905 3275 944 3333; x_wconf 88' lang='lat' dir='ltr'><strong>sit</strong></span> <span class='ocrx_word' id='word_1_242' title='bbox 966 3275 1071 3350; x_wconf 91' lang='lat' dir='ltr'><strong>prima,</strong></span> 
     </span>
     <span class='ocr_line' id='line_1_34' title="bbox 53 3361 1070 3439; baseline -0.001 -18"><span class='ocrx_word' id='word_1_243' title='bbox 53 3367 86 3422; x_wconf 85' lang='lat' dir='ltr'><strong>et</strong></span> <span class='ocrx_word' id='word_1_244' title='bbox 114 3361 244 3422; x_wconf 87' lang='lat' dir='ltr'><strong>secunda</strong></span> <span class='ocrx_word' id='word_1_245' title='bbox 265 3364 322 3438; x_wconf 69' lang='lat' dir='ltr'><strong>qd,</strong></span> <span class='ocrx_word' id='word_1_246' title='bbox 350 3367 381 3421; x_wconf 90' lang='lat' dir='ltr'><strong>et</strong></span> <span class='ocrx_word' id='word_1_247' title='bbox 408 3363 501 3422; x_wconf 89' lang='lat' dir='ltr'><strong>tercia</strong></span> <span class='ocrx_word' id='word_1_248' title='bbox 529 3381 576 3438; x_wconf 78' lang='lat' dir='ltr'><strong>ca,</strong></span> <span class='ocrx_word' id='word_1_249' title='bbox 604 3366 634 3422; x_wconf 90' lang='lat' dir='ltr'><strong>et</strong></span> <span class='ocrx_word' id='word_1_250' title='bbox 658 3365 835 3439; x_wconf 71' lang='lat' dir='ltr'><strong>quartam,</strong></span> <span class='ocrx_word' id='word_1_251' title='bbox 863 3367 894 3422; x_wconf 89' lang='lat' dir='ltr'><strong>et</strong></span> <span class='ocrx_word' id='word_1_252' title='bbox 916 3381 1070 3438; x_wconf 89' lang='lat' dir='ltr'><strong>ponamus,</strong></span> 
     </span>
    </p>
   </div>
   <div class='ocr_carea' id='block_1_8' title="bbox 127 3531 640 3605">
    <p class='ocr_par' dir='ltr' id='par_1_11' title="bbox 127 3531 640 3605">
     <span class='ocr_line' id='line_1_35' title="bbox 127 3531 640 3605; baseline 0.008 -19"><span class='ocrx_word' id='word_1_253' title='bbox 127 3537 153 3588; x_wconf 78' lang='grc'><strong>9.</strong></span> <span class='ocrx_word' id='word_1_254' title='bbox 173 3533 354 3605; x_wconf 83' lang='lat' dir='ltr'><strong>mensuretur.</strong></span> <span class='ocrx_word' id='word_1_255' title='bbox 374 3564 408 3573; x_wconf 96' lang='lat'><em>-</em></span> <span class='ocrx_word' id='word_1_256' title='bbox 429 3538 469 3589; x_wconf 90' lang='lat'><strong>11.</strong></span> <span class='ocrx_word' id='word_1_257' title='bbox 491 3534 522 3589; x_wconf 92' lang='lat' dir='ltr'><strong>et</strong></span> <span class='ocrx_word' id='word_1_258' title='bbox 539 3531 640 3591; x_wconf 89' lang='lat' dir='ltr'><strong>minor.</strong></span> 
     </span>
    </p>
   </div>
   <div class='ocr_carea' id='block_1_9' title="bbox 0 0 1174 3834">
    <p class='ocr_par' dir='ltr' id='par_1_12' title="bbox 0 0 1174 3834">
     <span class='ocr_line' id='line_1_36' title="bbox 0 0 1174 3834; baseline 0 2"><span class='ocrx_word' id='word_1_259' title='bbox 0 0 1174 3834; x_wconf 95' lang='lat' dir='ltr'><strong> </strong></span> 
     </span>
    </p>
   </div>
  </div>
 </body>
</html>
