2316 3840
103 166 167 230 100
392 164 557 219 ANARITII
575 163 831 220 couuuureuu

189 333 312 394 Modus
342 337 472 410 autem,
502 353 570 410 quo
597 335 738 394 Yamus
766 334 953 395 ordinavit
981 337 1063 412 prol

100 423 234 482 tionem
256 423 375 500 figure
399 415 557 503 octavel)
582 442 649 482 cum
675 422 843 501 signatione
870 424 963 484 unius
986 424 1063 485 linee

51 519 55 524 '
100 507 205 589 <sine>
232 511 327 588 ipsius
355 512 573 572 constructione
602 512 765 571 secundum
796 513 1007 589 probationem
1039 536 1063 574 re

100 601 223 660 lutionis
248 604 278 659 et
301 601 524 676 compositionis
547 604 593 660 est
610 601 676 659 iste.

74 701 88 742 s
189 689 304 748 Ponam
326 690 436 748 lineam
459 693 510 766 ab,
534 708 625 766 quam
648 709 738 766 super
764 693 911 766 punctum
931 711 952 766 9
975 692 1063 752 divid

102 778 357 854 qualitercumque
379 780 534 856 contingat
547 779 663 855 divisio,
682 782 713 836 et
731 779 893 858 adiungam
907 781 936 839 ei
950 780 1064 841 lineam

102 869 238 942 equalem
264 867 342 926 linee
367 869 417 942 pt.
472 867 547 927 (ium
579 887 649 945 ergo
680 869 903 943 resolverimus,
937 870 1063 946 quadret

101 956 178 1015 linee
192 958 239 1016 cd
252 958 417 1017 resolvetur
433 956 466 1015 in
484 956 659 1033 probatione
673 957 766 1034 figure
782 961 887 1033 quarte
905 958 997 1018 huius
1016 980 1063 1035 pa]

220 1091 617 1198 t-l—-l
983 1111 1003 1146 α

103 1256 187 1326 Quod
208 1258 275 1318 ideo
299 1259 365 1332 erit,
389 1258 530 1334 quoniam
558 1259 737 1334 quadratum
763 1259 877 1318 factum
905 1279 940 1317 ex
967 1260 1048 1318 linea

64 1363 90 1401 ro
104 1351 149 1406 est
172 1347 276 1423 equale
300 1347 392 1423 duplo
417 1347 591 1422 superficiei,
614 1367 704 1424 quam
723 1348 876 1408 continent
894 1348 952 1406 due
970 1349 1048 1407 linee

102 1437 153 1511 od,
176 1455 243 1494 cum
266 1434 380 1495 duobus
405 1436 559 1511 quadratis
582 1437 670 1496 factis
689 1457 725 1495 ex
742 1436 856 1495 duabus
879 1437 968 1496 lineis
992 1439 1044 1512 cb,

102 1525 143 1583 Et
166 1525 238 1600 quia
261 1526 303 1584 td
325 1525 424 1601 posita
447 1527 493 1583 est
520 1526 634 1601 equalis
663 1525 786 1584 sectioni
813 1527 866 1601 by,
895 1546 966 1604 ergo
994 1526 1063 1602 dupl

102 1614 283 1689 superficiei,
311 1633 367 1689 que
391 1614 560 1672 continetur
587 1634 605 1673 a
633 1614 746 1673 duabus
773 1615 860 1673 lineis
889 1617 944 1692 ub,
974 1617 1020 1689 by,
1047 1633 1061 1672 c

103 1703 215 1762 duobus
239 1703 392 1779 quadratis
416 1703 503 1761 factis
523 1723 557 1761 ex
577 1702 691 1762 duabus
709 1703 795 1761 lineis
815 1705 865 1779 ab,
890 1705 930 1778 by
948 1706 993 1762 est
1012 1722 1063 1778 equ

64 1800 89 1840 15
104 1790 251 1866 quadrato
289 1793 369 1851 facto
411 1811 446 1849 ex
482 1792 561 1850 linea
593 1793 645 1852 ud.
706 1791 874 1851 Secundum
908 1792 1063 1869 probation

102 1879 195 1954 figure
217 1883 234 1938 7
238 1883 249 1911 ⁰
271 1881 359 1939 huius
382 1881 477 1956 partis
501 1885 588 1939 erunt
606 1881 664 1939 duo
684 1881 831 1956 quadrata
849 1883 932 1940 facta
951 1902 987 1940 ex
1005 1877 1063 1939 duat

102 1968 188 2027 lineis
217 1971 270 2044 ab,
295 1971 334 2043 tp
363 1969 482 2044 equalia
509 1969 600 2045 duplo
625 1969 803 2045 superficiei,
827 1990 885 2046 que
908 1971 1063 2029 continetur

103 2056 216 2117 duabus
239 2058 326 2117 lineis
350 2060 400 2134 ab,
424 2060 472 2132 by,
495 2077 561 2116 cum
585 2059 731 2134 quadrato
755 2077 805 2133 ay.
853 2057 926 2118 (lum
950 2078 1018 2136 ergo
1038 2053 1063 2114 ill

104 2146 306 2223 coniungetur,
330 2147 387 2204 erit
410 2147 611 2222 quadruplum
634 2147 809 2223 superficiei,
833 2167 891 2223 que
911 2149 1063 2206 continetur

67 2246 93 2284 20
106 2235 219 2294 duabus
237 2235 324 2294 lineis
343 2237 394 2309 ab,
413 2237 460 2310 by,
480 2255 548 2294 cum
562 2237 708 2312 quadrato
724 2254 767 2310 oq
780 2237 886 2311 equale
904 2237 996 2312 duplo
1014 2251 1063 2308 sup

103 2323 188 2399 ficiei,
207 2344 264 2399 que
283 2323 451 2382 continetur
466 2343 484 2382 a
498 2324 611 2384 duabus
629 2325 716 2384 lineis
736 2326 786 2400 ab,
807 2327 855 2399 by,
874 2344 942 2384 cum
962 2324 1063 2402 quadra

103 2413 191 2472 factis
220 2432 254 2470 ex
281 2413 368 2471 lineis
393 2415 447 2488 ab,
476 2415 525 2472 bd.
572 2412 630 2471 Sed
656 2414 718 2471 iam
741 2414 933 2488 ostendimus,
958 2409 1063 2490 quodi

105 2503 173 2559 suut
196 2502 315 2575 equalia
333 2501 478 2575 quadrato
497 2504 576 2561 facto
596 2522 632 2559 ex
648 2503 729 2560 linea
747 2505 804 2562 cd:
829 2522 899 2580 ergo
919 2499 1063 2579 quadrupl·

104 2589 284 2663 superficiei,
313 2609 369 2664 que
398 2591 566 2650 continetur
593 2610 611 2648 a
635 2591 749 2650 duabus
777 2591 864 2650 lineis
892 2594 947 2668 ab,
977 2594 1023 2668 by,
1049 2605 1062 2647 c

65 2687 90 2728 25
105 2677 250 2753 quadrato
275 2696 317 2751 up
340 2681 385 2736 est
407 2680 511 2753 equale
536 2680 681 2754 quadrato
705 2682 757 2754 ud,
782 2699 851 2757 ergo
875 2680 937 2738 iam
955 2681 1063 2741 resolut

105 2769 149 2825 est
171 2766 203 2823 in
225 2767 352 2843 figuram
376 2771 514 2842 quartam
537 2769 627 2843 prius,
651 2772 719 2844 post
741 2769 772 2826 in
795 2770 923 2846 figuram
947 2771 1063 2846 septime

104 2858 135 2912 et
156 2855 233 2913 illud
255 2858 308 2930 est,
333 2856 412 2931 quod
435 2857 636 2917 demonstrare
658 2858 815 2917 voluimus.
823 2849 848 2938 2)

177 3006 357 3076 1)Eucn11>es
376 3007 409 3076 Π,
430 3014 459 3061 8:
484 3008 516 3062 Si
534 3010 607 3064 liuec
625 3011 656 3063 iu
675 3011 745 3063 duos
760 3016 854 3078 paries
873 3011 1026 3078 dividatur,
1043 3026 1063 3065 ee

104 3080 136 3130 iu
155 3079 265 3147 loupuiu
283 3080 387 3148 equalis
405 3081 458 3133 uui
476 3081 657 3134 dividentium
681 3082 865 3150 adimetur,
889 3082 962 3150 quod
984 3099 1017 3137 ex
1035 3083 1063 3136 de

105 3149 189 3202 totius
206 3150 263 3203 ium
281 3151 442 3218 compositae
465 3151 497 3204 iu
519 3168 545 3204 se
564 3152 653 3219 ipsum
670 3153 728 3219 liet,
752 3169 848 3220 equum
867 3153 920 3206 erit
938 3154 993 3219 his,
1017 3169 1063 3223 que

105 3221 189 3273 ductu
203 3221 309 3288 prioris
328 3221 395 3275 liuee
414 3223 445 3274 iu
463 3239 522 3276 earu
536 3223 670 3276 adiectum
684 3229 787 3292 quater,
805 3221 830 3276 et
844 3224 877 3289 ei,
897 3225 971 3292 quod
984 3242 1018 3279 eu
1033 3225 1063 3279 du

105 3292 219 3344 alterius
250 3292 430 3345 diuideutium
456 3294 488 3345 iu
515 3309 541 3346 se
572 3294 668 3362 ipsam.
719 3293 778 3347 Hoc
807 3295 850 3347 est
881 3294 922 3364 [(o
937 3297 971 3364 -Ι-
986 3297 1011 3365 t)
1026 3298 1058 3364 -Ι-

106 3361 421 3445 =4(a-l-b)o—-l-b².
645 3442 681 3448 —
761 3441 797 3446 —

176 3453 203 3520 2)
223 3449 295 3515 Quia
314 3449 369 3505 oel’
384 3478 416 3495 =
430 3454 519 3535 2u-b·
536 3454 576 3506 bd
595 3454 628 3521 -Ι-
643 3453 696 3509 ub2
710 3455 743 3523 -l-
759 3452 821 3537 bel-¹,
840 3456 869 3508 et
882 3455 1063 3539 pe—rhypothe

98 3539 254 3612 bd=b9,
282 3539 337 3596 erit
357 3538 955 3615 etiemac²=auet9÷au¹³soyt
996 3545 1050 3600 Sed
