2340 3834
389 111 440 165 AD
459 110 644 166 EUOLIDEM
663 67 776 167 Ι1ΙΒ.Ι.Ι
1039 113 1082 176 39

66 279 222 338 rationum
244 279 310 338 finis
328 299 388 339 non
405 280 514 339 tribuit
531 280 616 341 nobis
634 282 691 339 nisi
710 281 872 340 scientiam.
909 280 983 340 Dioo
1003 301 1082 359 ergo,

66 369 151 446 quod
169 386 243 444 opus
257 368 359 446 figure,
379 390 436 445 que
456 371 541 429 dooet
554 371 651 428 facere
670 370 856 447 triangulum
875 370 1081 445 equitatorum,

64 479 129 518 non
153 458 239 517 docet
256 457 315 516 nisi
333 459 486 517 scientiam
504 462 535 517 et
552 479 612 518 non
631 477 705 534 opus
723 478 874 517 manuum.
911 459 1081 518 Invenimus

68 547 149 605 enim
173 546 316 621 quosdam
334 547 389 606 hoc
407 547 480 606 bene
499 549 633 622 scientes
652 548 705 622 qui
723 548 782 607 n'on
800 549 997 623 possunthoc
1015 567 1080 623 per-

70 636 156 695 ficere
179 635 225 692 ilii
247 635 343 711 modo,
366 655 462 712 neque
485 637 513 694 ei
536 636 698 695 attribuere
720 636 797 695 hanc
819 638 953 696 formam.
1004 635 1080 705 Quo·
1106 649 1119 688 5

70 725 157 784 modo
181 743 251 784 vero
274 726 439 786 necessario
462 726 546 799 fiunt,
569 729 599 784 et
621 725 774 802 ingenium
796 725 966 801 perficiendi
985 726 1081 784 dicere

70 813 210 889 poterint.
256 813 400 873 Possibile
418 817 518 872 tamen
537 816 590 889 est,
609 813 802 891 geometriam
821 833 883 873 esse
901 815 1082 890 principium

70 903 198 961 aliarum
225 902 426 961 doctrinarum
451 902 596 978 practice,
629 922 685 977 que
716 902 852 961 manibus
885 907 1079 978 exequuntur.

69 983 201 1072 Opera1)
225 991 311 1065 enim,
335 1011 392 1066 que
412 992 530 1050 suntin
549 991 719 1068 geometria,
743 994 812 1050 sunt
830 992 910 1066 apud
933 992 1080 1067 sapientes

67 1080 149 1139 sicut
171 1099 214 1155 ea,
237 1099 294 1155 que
316 1080 541 1155 premittuntur,
565 1080 602 1137 ad
624 1079 854 1137 declarationem
877 1080 1011 1138 aliorum.
1093 1093 1119 1132 ιο

159 1167 285 1238 Quidam
312 1187 431 1244 quoque
458 1169 634 1227 invenenmt
659 1168 691 1226 in
717 1160 851 1249 figunsl)
879 1187 971 1226 unam
998 1169 1079 1227 diffe-

68 1259 206 1333 rentiam,
229 1276 318 1332 quam
341 1261 523 1317 vocavenmt
544 1249 775 1334 inventum3),
804 1257 880 1316 sicut
906 1260 1008 1315 nostra
1035 1258 1079 1315 in·

65 1347 174 1422 tenti0,
197 1365 287 1422 quam
309 1346 451 1405 habemus
473 1346 505 1404 in
527 1347 624 1421 prima
641 1346 737 1423 figura
755 1347 845 1405 tercie
863 1346 966 1423 partis.
1011 1346 1080 1404 Non

67 1436 151 1494 enim
176 1435 355 1494 intendimus
386 1436 427 1494 ibi
454 1435 513 1493 nisi
543 1435 676 1494 invenire
708 1437 841 1493 oentmm
873 1435 976 1495 circuli
1007 1435 1078 1493 dati.

67 1524 129 1583 Sed
152 1524 325 1599 differentia,
349 1544 406 1599 que
430 1527 475 1582 est
496 1525 574 1582 inter
596 1524 797 1583 inventionem
816 1528 846 1582 et
868 1525 1078 1600 operationem,
1094 1537 1119 1577 15

68 1617 124 1686 est,
150 1614 227 1688 quod
249 1613 429 1672 inventionis
452 1613 518 1671 finis
541 1632 600 1672 non
624 1615 669 1671 est
691 1613 748 1670 nisi
772 1613 904 1671 invenire
927 1633 997 1688 rem,
1020 1632 1079 1688 que

67 1703 130 1760 iam
158 1705 203 1760 est
228 1702 364 1777 inventa,
391 1706 421 1761 et
447 1720 507 1760 non
533 1702 666 1760 invenire
693 1721 771 1776 rem,
794 1721 852 1776 qne
874 1701 936 1759 iam
958 1703 1079 1761 inventa

67 1811 222 1866 nunquam
243 1791 314 1863 fuit3
339 1794 368 1848 et
390 1790 565 1865 differentia,
588 1810 646 1865 que
669 1794 714 1849 est
736 1791 814 1848 inter
841 1809 907 1848 eam
929 1794 960 1849 et
987 1791 1077 1849 scien-

66 1881 152 1954 tiam,
172 1883 216 1938 est
234 1879 317 1958 illud,
341 1879 420 1954 quod
438 1879 561 1938 scientia
580 1882 633 1953 est,
657 1880 736 1955 quod
753 1879 837 1953 illud,
857 1879 935 1954 quod
954 1879 1078 1938 scientia

67 1968 153 2028 nobis
175 1967 288 2044 tribuit,
311 1972 420 2044 utrum,
442 1968 618 2044 priusquam
639 1968 773 2043 probent,
800 1969 954 2026 inventum
977 1968 1016 2026 sit
1039 1986 1077 2025 an
1092 1979 1118 2019 2⁰

66 2077 136 2132 non,
159 2057 342 2134 ignoramus,
365 2058 442 2116 siout
465 2057 544 2132 quod
566 2057 670 2133 anguli
695 2055 841 2132 trianguli
864 2059 934 2114 sunt
956 2057 1076 2131 equales

66 2145 182 2205 duobus
203 2146 291 2204 rectis
316 2147 444 2223 angulis:
471 2146 503 2203 in
525 2145 695 2204 inventione
722 2147 824 2202 autem
851 2144 970 2217 scimus,
998 2144 1078 2219 quod

64 2234 197 2293 circulus
223 2233 314 2291 habet
343 2238 489 2310 centrum,
522 2234 573 2293 sed
603 2234 740 2293 volumus
769 2234 867 2291 locum
899 2232 962 2290 eius
994 2233 1076 2291 scire.

65 2322 135 2380 Nisi
162 2322 188 2379 si
215 2321 326 2396 aliquis
353 2322 472 2398 dixerit,
501 2323 580 2398 quod
602 2341 673 2397 rem,
698 2341 788 2396 qnam
811 2320 920 2396 aliquis
943 2321 1009 2380 vult
1031 2321 1074 2379 in-

64 2410 181 2485 venire,
204 2410 349 2487 ignorint,
373 2429 411 2468 an
438 2412 478 2470 sit
499 2411 626 2470 inveniri
653 2410 793 2486 possibile
816 2410 864 2469 vel
892 2428 964 2485 non,
997 2410 1075 2468 siout
1089 2422 1115 2462 25

64 2500 92 2558 si
121 2498 231 2574 aliquis
258 2500 350 2558 vellet
376 2499 507 2558 invenire
531 2499 733 2575 quantitatem
760 2498 927 2574 superficiei
949 2499 1075 2558 alieuius

63 2588 170 2648 circuli
193 2587 263 2647 dati.

138 2727 161 2776 1.
177 2720 254 2774 fines.
269 2752 303 2760 -
321 2719 457 2801 tribuunt.
477 2753 512 2760 -
530 2725 554 2775 1.
568 2719 681 2790 poterit.
701 2752 735 2761 -
754 2726 778 2775 8.
794 2721 980 2802 exequantur]
995 2723 1074 2774 extra

63 2794 171 2847 centur.
192 2824 225 2831 —
246 2797 287 2846 11.
307 2793 351 2844 est
368 2794 483 2846 mventa
502 2793 552 2846 est.
572 2824 606 2832 —
626 2797 668 2845 18.
689 2808 730 2846 ea.
752 2825 783 2832 -
812 2798 854 2846 22.
874 2794 1073 2846 mventronem.

137 2917 163 2985 1)
177 2915 293 2984 Dubito,
308 2931 344 2968 an
358 2932 426 2984 opas
440 2914 496 2969 sint
510 2916 653 2985 postulata
668 2919 697 2970 et
712 2915 861 2985 axiomata,
877 2918 908 2969 ut
919 2915 1072 2968 Harpasum

60 2987 204 3055 videntur,
223 3003 289 3040 nam
308 3003 376 3054 opus
394 2987 469 3056 apud
483 2987 644 3056 Anaunion,
663 2990 696 3042 ut
720 2990 825 3068 postea
838 2960 988 3055 videbitur,
1009 3002 1073 3040 con-

61 3029 235 3112 struetiories
254 3056 432 3112 auxiliares
424 3076 454 3111 1n
473 3032 710 3113 demonstratione
730 3057 875 3112 adhibitae
895 3030 1072 3113 definiimtur.

135 3132 163 3198 2)
181 3128 287 3197 Figura
305 3129 382 3198 apud
395 3129 502 3184 Arabes
519 3146 646 3198 quaeque
660 3147 749 3199 parag
750 3130 854 3210 rapbus
869 3128 980 3197 dieitur,
1000 3146 1073 3209 quae

61 3200 160 3281 figura
173 3202 273 3255 omata
291 3202 342 3254 est
375 3199 458 3254 Tales
477 3217 499 3255 e.
515 3218 538 3256 c
557 3201 661 3270 figuras
680 3201 752 3255 liber
770 3200 875 3269 primus
893 3172 1050 3254 Eucnims
1042 3217 1073 3252 m

60 3270 217 3326 traditione
231 3270 346 3325 arabica
360 3278 394 3325 47
409 3274 474 3326 cont
475 3271 541 3326 inet.
571 3272 673 3327 Scieat
651 3280 691 3327 1111
705 3271 781 3325 idem
794 3271 878 3339 valet,
897 3271 972 3338 quod
987 3287 1071 3339 supra

59 3344 182 3398 theorica
199 3341 372 3411 nominatur,
400 3341 430 3395 id
449 3345 492 3396 est
510 3345 654 3411 theorema·
683 3350 776 3412 operat
777 3345 803 3397 io
765 3345 868 3398 1111
885 3341 970 3408 illud,
996 3342 1072 3409 quod

60 3430 148 3482 supra
162 3413 289 3483 practica
307 3412 418 3481 dicitur,
437 3412 467 3466 id
486 3416 529 3468 est
544 3388 690 3484 proclavia.

134 3487 162 3555 )
180 3483 309 3553 πόρισμα
338 3484 439 3539 Confer
456 3485 585 3539 Paocnuu
604 3491 665 3554 301,
684 3491 717 3538 25
729 3503 769 3554 sq.
