2340 3834
102 178 143 242 12
388 177 553 232 ANARITH
572 176 826 232 COMMENTARII

100 348 131 404 in
160 345 349 405 diffinitione:
379 346 472 422 „sibi
503 345 757 422 obviantium“,
789 347 860 422 quia
891 347 916 406 si
947 347 1024 407 tales
1055 347 1113 407 due

99 434 204 493 fierent
226 438 374 511 separate,
401 454 461 494 non
488 436 657 511 proveniret
684 454 719 492 ex
747 436 787 494 eis
811 436 949 512 angulus3
978 439 1008 494 et
1030 437 1113 496 simi·

99 524 177 599 liter,
201 525 226 583 si
245 543 401 583 concursus
422 543 522 583 eorum
539 525 617 583 foret
635 524 794 583 seeundum
811 524 1029 600 rectitudinem,
1051 543 1113 584 non

99 612 184 670 fieret
207 632 241 669 ex
265 614 306 671 eis
329 614 464 690 angulus,
488 615 517 670 et
539 613 594 673 hoe
617 616 674 687 est,
698 613 776 688 quod
799 613 854 671 due
877 614 954 671 lineo
978 615 1020 672 sie
1044 632 1112 673 eon·

73 701 198 760 aiunete
220 701 325 759 fierent
346 721 406 760 una
428 702 517 776 linea,
540 704 570 760 et
591 720 651 760 non
672 701 756 760 fieret
779 720 813 760 ex
836 703 878 760 eis
901 703 1037 779 angulus

166 789 251 848 Dixit
274 810 402 866 quoque,
426 791 506 866 quod
529 791 586 848 due
609 790 685 848 linee
709 790 750 848 sie
773 790 879 866 posite,
902 810 1030 865 quarum
1048 809 1111 850 una

101 878 137 936 ab
161 879 256 936 altera
279 879 415 955 declinat,
439 880 479 938 sit
500 879 637 956 angulus.
674 878 801 948 Quidam
821 881 930 955 putant
948 881 1113 939 seeundum
1139 894 1143 924 ³

99 968 167 1044 hoe,
196 968 276 1042 quod
303 968 411 1026 dieitur
436 969 468 1026 in
497 969 553 1026 hae
580 967 772 1043 diffinitione,
800 968 881 1043 quod
899 971 1004 1027 acutus
1027 971 1113 1028 reato

100 1055 140 1114 sit
166 1056 275 1132 minor,
308 1060 338 1115 et
364 1057 459 1115 maius
488 1059 518 1114 61
543 1056 641 1114 minus
669 1057 740 1115 sunt
769 1057 800 1114 in
828 1056 1010 1132 quantitate,
1039 1076 1110 1136 ergo

61 1159 87 1199 10
101 1146 228 1221 angulus
253 1147 297 1204 est
317 1146 477 1221 quantitas
515 1145 657 1222 Angulus
676 1164 794 1221 quoque
814 1145 904 1203 habet
922 1146 1111 1222 qualitatem,

100 1233 213 1292 sedicet
231 1234 303 1308 quia
322 1234 461 1310 expansio
481 1236 511 1291 et
529 1234 651 1309 acuitas,
676 1253 733 1308 que
752 1237 822 1292 sunt
839 1235 871 1291 in
889 1235 1015 1311 angulis,
1038 1238 1113 1294 sunt

100 1323 270 1397 qualitates.
314 1323 435 1398 Angulo
462 1325 596 1397 preterea
619 1322 738 1398 aeoidit,
766 1327 801 1381 ut
823 1322 974 1382 dividatur
994 1322 1026 1380 in
1051 1323 1111 1384 duo

100 1411 210 1486 media,
246 1411 325 1486 quod
361 1411 507 1487 contingit
536 1411 568 1468 in
602 1413 636 1470 9²
665 1410 762 1488 figura
793 1411 883 1470 tercie
913 1411 1007 1486 partis
1040 1412 1112 1471 libri

101 1500 266 1574 Euenm1s3
290 1499 342 1558 sed
364 1500 493 1558 divisum
515 1499 546 1558 in
569 1500 627 1559 duo
650 1500 747 1558 media
769 1518 829 1558 non
849 1504 895 1559 661
912 1500 970 1558 nisi
988 1502 1111 1576 quanti-

60 1590 154 1646 16166.
204 1587 344 1646 Preterea
371 1589 499 1665 angulus
527 1588 671 1648 dividitur
698 1608 766 1646 eum
792 1589 883 1664 linea,
916 1607 950 1647 ao
977 1588 1004 1647 si
1031 1593 1112 1650 66661

100 1676 255 1753 longitudo
279 1679 309 1735 et
330 1677 468 1736 latitudo.
508 1678 743 1752 Verumptamen
761 1677 921 1736 seeundum
939 1677 1002 1753 hoe,
1026 1679 1110 1753 quod

100 1784 218 1839 queque
246 1766 414 1841 superficies
442 1766 585 1824 dividitur
612 1784 679 1825 oum
705 1765 785 1824 linea
812 1765 845 1823 in
866 1766 1055 1842 longitudine
1079 1770 1111 1826 et

99 1853 271 1930 latitudine,
299 1858 330 1912 et
357 1855 485 1930 angulus
508 1854 652 1912 dividitur
673 1854 706 1912 111
728 1855 913 1931 longitudine
938 1855 973 1912 de
995 1859 1109 1930 puncto

100 1942 139 2000 ad
156 1944 308 2019 punctum,
330 1944 360 2000 61
378 1963 437 2003 nou
456 1943 600 2001 dividitur
617 1943 649 2000 in
666 1943 834 2018 latitudine,
853 1943 995 2018 quoniam
1013 1962 1111 2022 angu-

61 2045 86 2085 16
99 2031 146 2088 1116
174 2048 235 2089 non
256 2031 402 2090 minuitur
423 2034 545 2107 propter
567 2035 679 2106 661166,
704 2051 761 2107 que
784 2032 963 2107 proveniunt
985 2035 1112 2108 propter

100 2119 204 2195 lineas,
227 2139 285 2194 que
307 2121 524 2195 protrahuntur
546 2139 634 2195 super
656 2120 730 2179 duas
754 2120 848 2179 lineas
867 2121 1011 2198 angulum
1028 2140 1109 2180 eom-

99 2208 325 2283 prehendentes:
357 2209 483 2283 ideoque
515 2228 631 2284 verum,
665 2210 744 2284 quod
776 2209 903 2286 angulus
930 2228 990 2267 non
1017 2210 1111 2270 habet

99 2297 298 2355 latitudinem.
342 2298 480 2374 Angulus
509 2316 628 2373 quoque
656 2317 812 2373 corporeus
840 2317 899 2356 non
926 2297 1017 2356 habet
1038 2318 1110 2374 pro-

100 2386 293 2461 funditatem,
320 2405 353 2444 eo
378 2386 457 2461 quod
479 2387 641 2445 seeundum
663 2387 896 2462 profunditatem
918 2405 978 2445 non
1001 2387 1110 2446 diuidi·

59 2487 86 2527 16
98 2476 158 2532 tur.
211 2474 349 2550 Amplius
382 2475 472 2533 etiam
504 2475 656 2550 quantitas
689 2495 756 2534 oum
788 2475 941 2550 dupletur,
972 2479 1115 2535 remanet

101 2563 265 2638 quantitas3
289 2564 415 2640 angulus
434 2583 504 2622 vero
522 2566 621 2622 reatus
640 2565 707 2622 eum
725 2564 875 2639 dupletur,
896 2581 956 2622 non
973 2567 1112 2625 remanet

100 2651 241 2726 angulus:
265 2670 333 2728 ergo
358 2652 485 2729 angulus
505 2671 565 2712 non
584 2655 628 2710 661
648 2653 810 2728 quantitas.
849 2653 988 2711 Forsitan
1005 2655 1111 2713 tamen

98 2740 258 2798 Eumaeus
285 2740 350 2799 ideo
379 2740 518 2801 diffinivit
540 2741 638 2816 ipsum
660 2761 713 2817 per
734 2742 823 2817 illud,
847 2741 928 2816 quod
949 2741 1109 2801 manifeste

99 2828 250 2887 inuenitur
272 2830 303 2885 in
326 2848 369 2904 eo,
393 2829 505 2888 seilicet
526 2829 710 2905 relationem,
734 2831 876 2905 quoniam
893 2831 997 2905 procul
1015 2830 1108 2890 dubio

45 2931 85 2970 ,6ο
101 2917 228 2992 angulus
251 2920 296 2975 est
317 2918 431 2977 medius
455 2918 533 2976 inter
554 2918 664 2976 lineam
687 2922 717 2977 61
739 2919 936 2994 superficiem,
960 2923 1109 2994 quantum

99 3005 137 3063 ad
157 3005 355 3080 quantitatem
373 3007 420 3065 vel
433 3007 465 3064 in
484 3008 692 3082 quantitatem.
728 3007 857 3083 Ideoque
871 3001 1105 3085 Aponnoumsl)

99 3093 239 3152 diffinivit
276 3095 483 3154 universaliter
519 3097 664 3172 angulum
699 3096 827 3155 breviori
863 3095 1040 3155 diffinitione
1075 3099 1109 3156 61

170 3331 193 3379 1.
213 3325 280 3394 quia
299 3325 390 3380 simile
409 3326 471 3380 due.
490 3357 524 3366 -
543 3331 586 3380 29.
606 3325 713 3382 relatio.
734 3360 768 3367 —
787 3333 829 3382 31.
849 3326 1041 3397 Appollonius.

170 3546 338 3618 61666166
359 3552 417 3615 166,
438 3549 648 3617 16616164,
669 3553 701 3602 16
712 3566 751 3617 sq.

42 3682 59 3803 l
