2316 3840
83 172 146 236 152
368 171 534 225 ANARd'l'Il
551 170 810 226 COMMENTARII

82 344 135 415 est,
155 341 231 399 sicut
245 340 320 398 dixit
338 341 505 415 Eucnmns,
526 360 582 415 que
600 340 726 400 ubilibet
736 343 781 399 est
801 341 970 398 necessaria
986 343 1102 417 superi-

82 429 181 488 oribus
205 429 325 504 spheris.
375 429 412 487 In
438 429 484 486 his
512 430 591 487 enim
618 430 731 504 spheris
754 429 954 488 necessarium
977 434 1038 506 est,
1066 435 1102 490 ut

82 518 175 575 sitin
198 537 277 591 arcu,
301 518 352 592 qui
375 521 421 577 est
446 519 525 576 inter
547 518 689 576 circulum
712 517 941 594 equinoctialem
966 522 999 578 et
1021 521 1104 579 inter

82 626 319 682 unumquemque
360 607 485 666 duorum
530 607 706 665 circulorum
747 607 965 681 solstitialium,
1001 608 1103 686 figura

55 695 193 753 chabens
213 695 366 753 duodecim
384 696 479 770 bases,
502 699 531 754 et
550 696 694 773 astrologi
712 695 855 772 dixerrmt,
880 695 995 755 scilicet
1020 697 1101 772 quod

83 803 181 859 arone,
216 785 266 860 qui
299 788 342 842 est
374 785 453 844 inter
480 784 622 842 circulum
649 785 811 860 equinoctii
839 787 869 842 et
895 783 978 844 inter
1005 805 1100 844 unum

83 874 208 931 duorum
236 874 412 931 circulorum
439 873 653 949 solstitialium,
686 873 766 948 quod
797 873 910 932 scilicet
937 878 985 934 est
1013 893 1101 934 arcus

82 962 169 1020 unius
193 961 376 1037 circulorum,
401 963 451 1037 qui
473 965 629 1021 transeunt
651 982 704 1037 per
726 963 810 1037 polos
837 961 958 1037 sphera,
985 964 1101 1023 scilicet
1150 1020 1151 1023 ,

83 1052 167 1126 polos
189 1051 298 1125 tocius,
324 1051 431 1126 recipit
456 1050 583 1126 figuram
610 1051 764 1110 duodecim
791 1051 908 1109 basium
935 1052 1099 1129 equalium,
1125 1080 1129 1085 ·

43 1154 69 1193 10
84 1143 114 1198 et
136 1140 202 1197 ideo
225 1141 383 1199 Eucmnns
407 1140 547 1214 apposuit
568 1140 644 1198 hanc
666 1139 800 1217 figuram,
828 1142 862 1197 ut
884 1139 962 1198 nihil
985 1145 1101 1216 preter·

82 1229 220 1287 mittatur
241 1248 301 1286 non
323 1228 489 1303 probatum.

149 1319 189 1375 ut
216 1321 376 1392 postquam
403 1316 464 1374 iam
486 1316 643 1376 manifesta
667 1321 738 1376 sunt
761 1336 808 1391 ea,
838 1336 896 1391 que
924 1317 1059 1378 diximus
1067 1312 1103 1402 ¹),

84 1411 113 1465 et
135 1407 229 1484 figure
253 1424 353 1465 omnes
377 1409 446 1464 sunt
465 1406 672 1480 demonstrate,
696 1425 766 1482 ergo
785 1425 844 1464 non
865 1407 1101 1482 pretermittam,
1150 1452 1151 1455 η

83 1496 157 1571 quin
188 1495 298 1553 faciam
329 1494 469 1571 figuram,
501 1513 569 1553 cum
598 1513 659 1570 qua
686 1497 786 1569 potest
812 1494 939 1552 describi
969 1496 1102 1556 circulus

45 1598 70 1636 15
85 1585 162 1642 circa
189 1583 315 1659 figuram
343 1583 497 1658 equalium
523 1584 653 1641 laterum
680 1586 711 1641 et
738 1583 891 1658 equalium
916 1585 1102 1661 angulorum

84 1675 139 1731 aut
161 1672 241 1729 intra
264 1692 338 1746 eam,
362 1673 391 1730 et
413 1672 451 1729 ad
469 1672 525 1730 hoc
543 1672 753 1730 declarandum
770 1672 944 1747 promittam
963 1675 1101 1750 proposi·

84 1761 204 1819 tionem.
241 1760 345 1820 Dicam
365 1780 447 1837 ergo:
465 1761 566 1819 Intra
586 1780 719 1818 omnem
738 1760 893 1837 figuram
911 1764 1103 1836 equalium

84 1850 240 1907 laterum
259 1852 294 1908 et
308 1851 535 1926 angulorum,
554 1867 660 1924 quam
672 1853 769 1907 recte
785 1849 975 1909 continent
989 1852 1103 1929 linee,

85 1942 139 1996 est
161 1940 342 2012 punctum,
367 1958 475 2012 aquo
500 1957 617 1997 omnes
639 1938 734 1996 linee
757 1941 853 1996 recte
877 1938 920 1996 ed
945 1942 1104 2017 angulos

46 2028 205 2104 refigure
237 2030 421 2101 protracte
454 2031 537 2085 sunt
570 2027 729 2102 equales,
762 2031 796 2085 et
828 2027 892 2085 hoc
922 2032 1104 2102 punctum

84 2117 204 2193 figure
223 2116 381 2191 plurium
400 2116 614 2192 angulorum
628 2124 682 2173 est
696 2119 869 2190 centrum,
885 2120 920 2174 et
934 2121 1105 2177 centrum

86 2205 216 2264 circuli
258 2205 433 2279 descripti
471 2205 566 2262 eirca
604 2223 678 2261 eam
714 2207 748 2262 et
785 2204 963 2279 descripti
1000 2207 1105 2266 intra

84 2295 205 2370 ipsam.
244 2293 381 2369 Exempli
400 2312 490 2351 causa
507 2311 616 2368 ponam
634 2292 763 2368 figuram
776 2295 912 2366 adedere,
932 2297 965 2351 et
979 2315 1104 2372 ponam,

84 2387 120 2441 ut
143 2384 205 2440 eius
229 2383 324 2440 latera
348 2386 418 2440 sunt
441 2382 560 2457 equalia
579 2383 608 2439 et
627 2381 732 2458 anguli
750 2382 884 2456 equales:
908 2381 976 2442 dico
994 2384 1105 2462 igitur,

45 2482 71 2522 25
86 2472 166 2545 quod
193 2472 272 2529 intra
298 2471 427 2548 figuram
454 2472 582 2544 abydee
609 2473 654 2528 est
681 2472 838 2545 punctum,
866 2489 884 2528 a
911 2489 972 2544 quo
997 2493 1104 2533 omnes

85 2559 162 2616 linee
191 2559 228 2615 ad
252 2559 377 2636 angulos
400 2559 494 2636 figure
516 2558 659 2634 producte
687 2561 757 2616 sunt
780 2559 913 2633 equales,
942 2563 974 2618 et
997 2581 1105 2622 omnes

86 2647 344 2722 perpendiculares
381 2648 418 2705 ab
455 2667 488 2705 eo
521 2648 559 2705 ad
590 2647 686 2705 latera
717 2646 811 2723 figure
842 2650 996 2722 protracte
1031 2653 1105 2710 sunt

87 2737 216 2811 equales.
264 2735 405 2794 Probatio
434 2737 510 2810 eius,
538 2736 680 2811 quoniam
707 2735 839 2794 diudam
866 2736 941 2794 duos
971 2741 1105 2816 angulos

157 2929 181 2976 2.
202 2921 288 2990 speris
308 2929 332 2976 et
350 2924 388 2977 sic
406 2940 513 2991 semper.
533 2954 567 2962 —
586 2927 663 2975 4-5.
683 2921 773 2990 figura
791 2922 873 2976 unius
890 2922 1053 2980 duodecim.
1069 2960 1105 2968 -

86 3000 199 3050 10-11.
219 2993 291 3046 nihil
308 2992 364 3046 nisi
381 2992 591 3061 pretermittant
609 3009 674 3046 vero
693 2993 850 3060 probatum.

86 3189 128 3242 Ex
142 3187 210 3257 ipsis
225 3187 319 3241 verbis
333 3187 533 3256 propositionis
547 3190 635 3257 patet,
651 3187 726 3255 quod
740 3190 859 3256 utroque
868 3187 930 3242 loco
943 3190 1105 3247 additionis

86 3262 212 3313 Aninrnn
225 3260 413 3328 „quiadece'w
426 3259 576 3328 legendum
591 3262 634 3313 est
647 3276 697 3329 pro
711 3260 894 3326 „duodecim“.
918 3258 992 3315 Cum
1007 3267 1105 3318 autem
1149 3325 1151 3329 ¹

85 3331 213 3400 Mscptm.
225 3333 343 3396 utroque
352 3329 413 3384 loco
429 3330 502 3383 clare
515 3331 693 3397 ‚,duodecim“
702 3329 839 3399 expressis
848 3329 942 3385 verbis
952 3334 1105 3405 praebeat,

85 3405 194 3456 textum
213 3402 332 3455 alterare
350 3400 435 3454 nolui.

159 3477 184 3544 1)
202 3474 280 3526 Haec
298 3471 406 3525 additio
426 3474 454 3526 et
473 3487 589 3539 sequens
606 3472 726 3526 Hunours
746 3474 796 3527 est.
826 3471 953 3540 Sequens
973 3477 1052 3532 enirn
1071 3495 1107 3534 ea

77 3544 263 3617 demonstrat,
286 3543 390 3615 quibus
408 3543 439 3600 in
457 3541 550 3614 prima
566 3542 666 3597 utitur.
689 3570 691 3578 v
