2340 3834
97 171 160 235 148
380 170 546 224 ANARITII
564 168 820 224 COMMENTARII

92 340 245 400 ostendam
268 359 303 396 ex
326 339 500 414 probatione
522 339 617 416 figure
641 339 765 414 septime
788 339 877 398 huius
896 339 1000 415 partis,
1024 337 1105 414 quod

91 429 217 488 circulus
237 429 312 487 erbt
333 428 502 486 continetur
520 446 538 485 a
557 429 703 503 quadrato
723 430 820 502 abed.
857 427 1028 488 Secundum
1050 427 1106 487 hoe

89 517 197 594 igitur,
225 517 306 593 quod
332 517 364 573 in
390 516 487 592 figura
515 517 642 592 septima
669 520 820 576 ostensum
847 520 900 593 est,
928 517 1107 590 ostenditur,

92 606 173 681 quod
195 605 274 664 linea
298 623 338 664 ae
361 605 400 663 sit
424 605 536 679 equalis
564 605 642 663 linee
666 608 714 680 cb,
743 609 773 664 et
796 623 835 665 aa
858 607 898 665 sit
916 605 1033 682 equalis
1056 607 1106 680 ad,

65 697 122 754 set
155 695 234 769 quod
266 713 445 769 unaqueque
480 693 608 752 duarum
638 693 786 752 linearum
810 697 859 770 ab,
890 699 923 754 rt
953 694 993 754 sit
1025 694 1107 752 linea

91 786 182 842 reeta.
232 784 392 842 Eucmuns
420 802 490 859 ergo
518 783 555 841 ab
582 783 638 841 hoc
665 784 730 843 loco
757 783 868 860 incepit
895 803 963 843 cum
986 802 1106 859 compo-

92 872 209 948 sitione,
233 876 263 931 et
286 872 453 947 composuit
480 873 528 930 vel
551 871 685 931 divisivit
707 891 949 948 unamquamque
977 872 1108 930 duarum

68 970 71 975 ‘
92 961 240 1019 linearum
255 963 305 1036 ab,
324 963 369 1020 acl
387 961 418 1018 in
437 961 494 1019 duo
513 961 618 1038 media,
638 964 669 1019 et
686 962 926 1036 protraxitduas
944 961 1041 1021 lineus
1060 963 1106 1035 eb,

92 1055 125 1109 tt
151 1049 393 1127 orthogonaliter.
445 1050 558 1108 Deinde
587 1049 736 1108 ordinavit
761 1051 971 1125 probationem
1002 1070 1107 1109 secun·

54 1159 80 1197 ro
94 1139 165 1197 dum
198 1139 341 1214 ordinem,
376 1158 463 1214 quem
494 1138 690 1212 premisimus.
735 1140 853 1199 Yumus
880 1159 949 1198 vero
981 1139 1014 1196 in
1051 1139 1109 1197 hac

93 1227 170 1286 nihil
192 1227 275 1286 dixit.
821 1290 823 1293 .

181 1317 316 1393 Figura
338 1334 408 1373 vero
426 1307 549 1396 nona¹)
570 1316 730 1374 secundum
747 1318 869 1376 modum
887 1317 1043 1376 solutionis
1064 1319 1109 1375 est

95 1406 144 1464 sic.
180 1406 295 1463 Ponam
316 1405 426 1478 itaque,
444 1407 479 1462 ut
497 1403 623 1463 circulus
642 1405 681 1464 sit
699 1405 864 1481 descriptus
883 1407 961 1464 eirea
979 1405 1108 1482 figuram

95 1494 287 1569 quadratam:
314 1493 379 1550 dico
402 1491 506 1568 igitur,
535 1493 613 1567 quod
636 1494 692 1551 due
715 1493 792 1554 linee
815 1497 867 1569 de,
891 1497 926 1554 eb
953 1495 1015 1552 iam
1039 1497 1109 1554 sunt

56 1597 82 1637 15
97 1584 251 1641 coniuncte
271 1581 431 1640 secundum
448 1581 664 1656 rectitudinem,
689 1584 718 1639 et

96 1671 234 1731 similiter
256 1688 303 1744 ae,
323 1687 367 1743 ey.
399 1669 445 1726 ut
463 1671 533 1744 quia
552 1671 637 1745 linee,
661 1690 717 1746 que

97 1779 114 1818 a
147 1761 248 1817 centro
284 1758 321 1815 ad
354 1757 620 1817 circumferentiam
650 1778 717 1834 pro·

96 1848 264 1922 trahuntur,
288 1849 374 1905 erunt
397 1848 525 1922 equales,
549 1866 618 1924 ergo
639 1849 718 1906 linea

98 1955 150 2010 ea,
174 1938 222 2010 eb,
247 1953 296 2011 ey,
320 1937 358 1994 ed
381 1938 450 1994 sunt
473 1937 601 2011 equales.
638 1937 718 2013 Ergo
757 1979 781 2025 d

58 2041 84 2080 ao
98 2026 156 2084 duo
179 2025 275 2082 latera
293 2041 340 2100 ae,
360 2027 395 2083 ab
419 2028 487 2084 sunt
506 2026 625 2099 equalis
647 2027 718 2085 duo-

96 2115 152 2174 bus
179 2113 322 2172 lateribus
350 2132 401 2187 ac,
425 2115 475 2186 ed,
509 2114 560 2173 sed
589 2117 618 2172 et
640 2114 719 2174 basis

98 2206 143 2263 ad
161 2206 207 2262 est
225 2202 338 2278 equalis
356 2202 421 2262 basi
440 2204 490 2276 ab,
509 2222 578 2280 ergo
593 2204 719 2280 angulus

99 2295 160 2352 aab
184 2296 229 2352 est
259 2292 373 2367 equalis
401 2292 510 2368 angulo
534 2294 604 2350 aed.
645 2293 720 2372 ,Iam

100 2400 170 2458 ergo
198 2375 310 2458 <sunt>
340 2383 490 2456 protracte
522 2400 540 2438 a
571 2384 682 2456 puncto
706 2399 721 2438 e

60 2482 87 2524 ss
100 2470 177 2527 linee
205 2488 246 2528 ae
282 2469 339 2526 due
371 2469 447 2527 linee
476 2471 524 2542 eb,
552 2471 591 2528 ed
626 2469 787 2528 secundum
825 2468 1047 2544 rectitudinem,
1081 2473 1111 2528 et

99 2558 176 2615 fiunt
198 2557 278 2614 linea
300 2576 361 2614 una
383 2559 477 2631 reeta,
508 2576 578 2634 ergo
606 2558 685 2615 linea
707 2559 749 2616 db
777 2560 822 2615 est
849 2559 942 2630 recta,
975 2560 1005 2615 et
1030 2558 1110 2618 simi·

99 2646 169 2705 liter
195 2645 274 2703 linea
297 2664 346 2719 aq.
392 2645 549 2704 Euonmns
576 2646 671 2722 igitur
692 2646 739 2704 hio
761 2645 884 2721 incepit,
909 2649 939 2704 et
961 2648 1111 2722 protraxit

101 2735 175 2792 duas
197 2734 291 2792 lineas
314 2752 364 2807 aq,
389 2735 437 2792 bd.
482 2733 606 2793 Deinde,
619 2734 779 2809 complevit
800 2734 1013 2810 probationem.

189 2823 225 2880 In
252 2822 373 2899 figura
401 2814 566 2902 decimal)
594 2822 669 2879 nihil
691 2823 766 2882 dixit
787 2825 913 2882 Ymuus
963 2825 1110 2901 Verump·

103 3084 116 3135 t
164 3016 198 3135 ᾖ8.
217 3009 355 3062 linearum
368 3009 418 3073 ad,
432 3008 479 3061 db.
499 3039 534 3047 -
553 3013 594 3061 10.
614 3008 724 3062 Invenit
737 3026 802 3064 vero
817 3009 846 3063 in
860 3009 921 3063 hac.
939 3042 969 3050 —
990 3016 1033 3065 24.
1048 3028 1111 3081 pro-

117 3098 163 3135 rae
228 3125 232 3134 .

176 3261 202 3341 1)
220 3257 355 3310 Encamns
373 3255 419 3325 IV,
439 3262 467 3311 9:
497 3256 577 3312 Circa
599 3258 768 3328 assipaatcm
792 3259 956 3327 quadratum
978 3260 1112 3314 circulum

105 3331 360 3468 descrllellncmnns
381 3397 427 3467 IV,
448 3404 493 3454 1οε
525 3399 622 3454 Duum
645 3401 781 3469 equalium
805 3401 918 3454 laterum
941 3401 1112 3473 triaupulum

105 3473 259 3542 desipuere,
279 3471 358 3525 caius
374 3476 484 3540 uterque
502 3472 618 3526 duorum
636 3473 808 3542 copularum,
826 3487 892 3540 quos
910 3472 984 3526 basis
1001 3475 1112 3543 optinet,

92 3543 201 3611 relatae
218 3544 324 3614 duplus
341 3544 451 3601 embol.
