2316 3840
351 180 402 235 AD
421 180 608 237 EUCLIDEM
625 181 692 237 ΠΒ.
707 182 727 239 Ι.
1001 184 1046 248 45

44 373 107 413 am
137 317 294 428 punctum
316 351 333 409 b
356 353 500 426 nentrum,
523 371 614 428 supra
639 352 808 427 quodcum
832 352 942 427 spatie,
967 353 1045 428 quod

43 466 45 501 a
71 439 78 522 l
103 442 202 499 inter
217 440 235 498 b
249 443 278 498 et
292 458 324 515 o,
346 441 511 499 describam
529 441 672 500 oiroulum
688 459 756 516 oye.
788 441 901 499 Deinde
921 443 1045 518 signabo

64 550 159 591 arcu
187 546 234 602 qe
259 530 416 605 punctum,
450 531 662 606 qualecumque
695 530 862 606 contingat,
895 531 974 605 quod
1006 533 1046 590 sit

43 624 170 681 notum
194 635 223 692 r,
247 621 277 676 et
299 619 477 695 coniungam
495 638 515 678 a
533 638 601 677 oum
620 637 644 678 a
689 619 837 678 Punctum
861 639 977 694 quoque
1002 639 1044 678 se-

43 711 151 770 ndum
185 707 313 783 signabo
341 708 372 764 in
399 707 492 782 linea,
525 728 582 784 que
616 710 661 767 est
692 710 771 766 inter
801 712 945 782 punctum
971 727 988 767 a
1015 713 1045 767 et
1072 721 1084 760 ὁ

43 796 290 860 conferentiam
312 797 415 855 oirouli
439 798 510 872 oya,
535 797 615 873 qnod
637 797 677 856 sit
700 801 843 872 punctum
870 798 900 872 h,
925 800 955 854 et
977 816 1044 857 oon-

43 908 142 967 [gam
174 887 192 944 b
219 904 288 942 oum
308 886 339 962 h,
368 887 398 943 et
424 887 598 962 protraham
625 887 722 962 ipsam
748 886 859 943 lineam
887 886 1046 944 secundum

44 975 240 1038 titudinem
262 993 355 1050 usque
378 975 417 1032 ad
439 978 586 1051 punctum
614 979 631 1033 t.
684 975 875 1032 Manifestum
898 978 943 1033 est
966 995 1045 1051 ergo,

43 1067 84 1127 nd
112 1067 213 1124 linea
230 1063 271 1120 oh
287 1065 331 1121 est
352 1064 470 1141 longior
492 1064 571 1122 linea
585 1065 639 1139 ab,
664 1066 693 1121 et
716 1064 796 1121 linea
810 1064 851 1121 ob
866 1066 910 1121 est
928 1065 1046 1140 longior

43 1175 84 1216 ea
113 1155 182 1228 ba3
211 1154 244 1209 et
266 1152 342 1210 illud
365 1155 419 1227 est,
443 1152 523 1228 quod
546 1153 746 1211 demonstrare
770 1151 925 1210 voluimus.
1059 1167 1085 1205 ro

96 1239 306 1303 Secundus
335 1235 506 1318 modus1),
544 1260 602 1317 quo
635 1241 813 1314 ostenditur,
851 1239 931 1315 quod
967 1241 1045 1298 linea

43 1357 73 1396 sa
102 1334 156 1394 sit
183 1330 309 1389 brevior
332 1349 517 1407 quacumque
537 1330 665 1389 duarum
687 1329 841 1404 linearum,
864 1329 896 1386 in
919 1329 974 1388 hoo
998 1329 1045 1387 de-

43 3025 155 3084 ratur
192 3011 339 3086 exemplo.
394 3012 440 3070 Sit
471 3013 550 3071 linea
578 3012 648 3070 data
676 3015 730 3088 ab,
764 3033 853 3090 quam
886 3017 1046 3075 seeundum

43 3105 245 3173 ‚titudinem
252 3099 284 3156 in
296 3100 370 3159 duas
376 3102 549 3176 protraham
556 3104 665 3177 partes
676 3102 768 3161 donee
778 3105 819 3162 bd
829 3104 868 3162 sit
878 3107 992 3180 equalis
1003 3108 1044 3165 ob

58 3192 231 3262 similiter
260 3206 301 3261 ay
328 3191 440 3264 equalis
469 3194 523 3265 ab,
556 3191 715 3250 seeundum
747 3192 827 3268 quod
858 3194 981 3253 fecimus
1013 3196 1044 3252 in
1059 3205 1085 3247 15

43 3310 248 3335 s

78 3396 109 3443 1,
136 3375 228 3450 quod
242 3391 306 3428 oum
320 3376 423 3449 spatio]
438 3379 513 3445 quod
528 3377 657 3447 spatium.
673 3411 707 3419 —
725 3385 766 3433 12.
786 3396 904 3447 quarum
918 3380 1042 3434 duarum.

43 3489 248 3513 df...-

80 3567 114 3634 1)
138 3558 233 3614 Hune
251 3568 342 3606 aarum
361 3554 446 3609 etiam
465 3557 543 3628 apud
564 3557 721 3617 Clnrannn
736 3559 879 3634 legimus.
