2340 3834
450 127 732 183 PROLEGOMENA.
1045 128 1096 182 XV

86 289 191 343 addere
200 289 228 358 ¹),
247 288 314 356 quia
333 306 367 343 ex
385 287 438 342 tali
452 288 606 358 exemplari
618 305 727 342 versum
746 304 806 342 esse
820 287 904 342 facile
917 287 1095 358 intelligitur.

86 369 286 438 Fragmentum
318 386 384 439 ergo
416 368 611 423 Bibliothecae
638 368 744 438 Regiae
773 368 971 422 Universitatis
998 368 1096 422 Mona-

89 447 177 501 censis
192 455 280 503 20757
295 448 462 518 insignitum
477 448 584 502 duobus
600 451 711 502 constat
720 447 795 501 foliis
805 448 990 518 pergamenis,
1004 447 1095 517 primo

88 527 200 595 quidem
219 534 317 582 33211111
335 527 394 582 alto
413 530 442 582 et
461 533 558 581 215111111
575 526 643 596 lato,
666 528 787 582 secundo
807 530 901 582 autem
920 534 1018 581 218mm
1036 527 1095 582 alto

86 610 116 661 et
130 613 228 661 18811111
241 608 309 678 lato,
328 607 402 662 binis
417 607 553 661 columnis
569 607 688 677 scriptis,
704 614 738 661 30
752 607 876 662 versibus
890 625 940 678 pro
956 607 1093 663 columna.

86 685 214 740 Secundo
238 686 307 740 folio
331 703 348 740 a
370 685 534 755 bibliopega
555 687 586 741 in
609 688 750 757 superiore
773 689 861 743 latere
885 705 941 742 una
964 687 1041 742 linea
1067 690 1096 741 et

84 765 207 836 angulus
232 769 361 820 externus
385 765 525 820 abscissus
551 770 606 836 est,
635 768 684 821 sed
712 767 837 821 abscissa
859 767 943 821 facile
971 767 1095 837 suppleri

82 849 211 916 possunt.
270 847 362 900 Multa
390 849 499 917 autem,
529 847 597 916 quia
623 846 693 902 folia
721 846 885 917 cooperculo
914 847 1095 917 agglutinata

83 928 212 998 fuerant,
235 926 277 981 ita
296 929 480 995 evanuerunt,
503 929 536 981 ut
553 927 599 980 vix
617 928 660 981 vel
680 927 792 982 omnino
815 927 873 997 legi
893 945 950 982 non
967 929 1093 997 possunt.

82 1006 211 1061 Primum
228 1006 328 1061 folium
345 1006 436 1077 primo
455 1006 528 1060 libro
548 1005 777 1076 est'excerptum‚
797 1007 948 1060 secundum
963 1008 1092 1061 secundo.

82 1087 188 1141 Forma
211 1086 377 1141 elocutionis
400 1086 581 1155 interpretem
598 1086 702 1140 Italum
724 1085 848 1138 indicare
871 1084 987 1138 videtur.
1026 1084 1094 1150 Quis

85 1166 162 1221 enim
184 1166 240 1220 nisi
262 1166 351 1220 Italus
377 1166 501 1235 Cupitolo
519 1183 591 1220 uoco
613 1164 786 1234 inscripserit
807 1163 1003 1234 paragrapho?
1040 1162 1095 1228 Qui

84 1246 172 1300 vertit
189 1245 343 1314 hincman,
365 1262 429 1299 eum
447 1246 482 1299 de
501 1245 607 1299 Graeca
626 1245 723 1316 lingua
741 1260 882 1314 perpauca
899 1244 1093 1297 tantummodo

86 1325 250 1394 cognovisse
259 1327 347 1394 patet,
361 1342 452 1393 neque
467 1326 501 1379 de
511 1325 718 1380 mathematicis
733 1325 804 1378 bene
813 1323 967 1377 instructus
976 1322 1093 1378 videtur.

87 1404 206 1458 Saeculo
226 1408 320 1458 autem
340 1404 447 1459 decimo
466 1404 607 1458 hominem
626 1408 700 1460 certe
718 1422 774 1458 non
792 1404 937 1457 indoctum
953 1404 1094 1457 Eucnmmr

86 1500 121 1537 ex
135 1483 197 1553 ipso
214 1483 320 1539 Graeco
334 1486 414 1538 textu
428 1484 544 1537 vertisse
558 1485 635 1538 haud
649 1501 716 1539 sane
730 1484 963 1539 contemnendum
975 1482 1093 1551 videtur,

84 1580 139 1618 nec
163 1580 399 1632 supervacaneum
416 1563 569 1634 videbitur,
595 1565 649 1618 hoc
669 1565 857 1635 fragmentum
874 1563 940 1617 talis
959 1561 1094 1616 versionis

84 1641 196 1712 publici
214 1642 283 1696 iuris
301 1643 401 1698 facere.
438 1644 489 1698 Est
507 1643 595 1714 igitur
613 1647 706 1698 textus
724 1643 876 1714 fragmenti
894 1642 951 1698 ille.

159 1823 186 1891 1)
209 1823 362 1876 Ευκλειδου
381 1825 512 1893 Σιοιχεια
530 1822 659 1875 Eucnmrs
677 1822 825 1876 Elementa
842 1837 942 1892 graece
961 1820 1038 1875 edita
1057 1821 1093 1875 ab

84 1890 118 1946 E.
138 1891 168 1946 F.
188 1891 307 1948 Aucusr.
344 1894 412 1947 Pars
431 1894 451 1947 Ι,
488 1892 612 1947 Berolini
632 1899 707 1948 1821.
