2340 3834
387 147 438 201 AD
456 147 641 204 EUOLIDEM
659 149 725 203 LIB.
740 149 761 204 Ι.
1034 150 1076 212 47

155 308 252 390 <Hoc
276 316 367 390 quod
390 317 572 393 sequitur,
603 317 757 376 secundo
781 317 998 378 theoremati
1020 318 1079 376 ad·

63 400 210 480 ditum).
218 397 242 481 ¹)

155 490 230 550 Cum
251 493 411 552 Eudamus
434 494 522 553 dixit:
550 495 658 571 „Volo
687 495 890 571 ostendere,
921 496 1082 571 qualiter

59 584 198 656 puncto
222 581 306 640 dato
328 583 426 641 linea
450 581 676 659 copuletur,“
700 588 730 642 et
748 587 814 643 tum
832 584 928 643 noluit
945 585 1080 660 intellegi

60 669 131 744 nisi,
157 671 237 745 quod
258 675 402 746 punctum
425 672 464 730 sit
488 674 658 731 extremitas
676 672 763 748 linee‚
787 693 843 748 que
862 674 890 731 ei
908 675 1108 749 copulatur35

61 758 119 819 hoc
143 758 237 836 igitur
264 763 309 818 est
331 761 419 836 illud,
448 761 528 837 quod
555 762 583 819 ei
609 764 713 837 postea
740 763 937 821 necessarium
964 762 1022 820 fuit
1049 761 1081 820 in

700 870 787 926 opere
805 851 892 910 huius
908 851 985 908 libri.
1017 850 1080 908 Alii

698 959 769 1000 vero
795 958 883 1014 super
910 939 985 998 alias
1013 957 1080 997 con-

697 1028 862 1087 iunctiones
905 1029 1080 1103 invigilave-

697 1121 780 1193 runt,
815 1117 998 1175 invenientes
1031 1135 1080 1174 eas
1095 1134 1121 1172 ro

698 1206 800 1264 multis
822 1224 908 1280 posse
931 1205 996 1263 fieri
1017 1223 1079 1263 mo-

698 1295 751 1370 dis,
767 1314 893 1370 quorum
904 1312 981 1352 unus
992 1285 1080 1374 est2),

640 1446 644 1453 ⁴
697 1387 733 1441 ut
764 1385 804 1442 sit
830 1383 909 1441 linea
937 1383 1008 1441 data
1042 1383 1079 1440 si-

697 1472 776 1531 milis
803 1472 880 1530 linee
906 1473 959 1548 by,
988 1475 1018 1529 et
1041 1470 1080 1529 sit

697 1563 840 1636 punctum
863 1560 966 1619 datum
992 1575 1119 1634 super15

697 1651 794 1725 ipsam
816 1650 926 1709 lineam
948 1649 1080 1724 positum

698 1737 735 1796 ad
745 1739 1079 1813 similitudinempuncti

697 1846 735 1886 ct
777 1828 846 1887 uolo
887 1828 1011 1902 itaque,
1036 1830 1073 1884 ut

695 1919 805 1991 puncto
838 1935 857 1976 c
886 1916 965 1974 linea
996 1918 1079 1974 recta

695 2005 811 2080 equalis
838 2006 916 2063 linee
944 2006 984 2079 by
1012 2023 1078 2063 con·
1093 2021 1119 2061 ro

63 2093 217 2169 iungatur,
241 2093 324 2151 cuius
351 2092 520 2150 extremitas
539 2094 696 2168 proveniat
719 2093 756 2150 ad
778 2096 920 2168 punctum
940 2112 966 2152 e.
1004 2092 1080 2151 Ocn-

64 2181 190 2239 stituam
217 2181 318 2256 itaque
351 2199 442 2256 supra
468 2200 561 2239 unam
592 2183 752 2240 sectionem
778 2182 855 2239 linee
884 2184 935 2256 tq,
966 2181 1080 2239 scilicet

63 2287 157 2344 supra
190 2270 349 2329 sectionem
376 2272 431 2345 ct,
463 2270 648 2347 triangulum
679 2271 890 2347 equilaterum,
923 2269 1005 2345 quod
1026 2269 1079 2327 fiet

63 2358 230 2416 seeundum
256 2358 462 2434 probationem
488 2358 583 2434 prime
605 2359 699 2436 figure
727 2359 817 2417 huius
844 2359 951 2434 partia,
980 2358 1077 2434 sitque

61 2445 234 2524 triangulus
257 2448 331 2506 abd.
377 2446 491 2505 Deinde
513 2449 692 2523 protraham
709 2441 782 2527 duas
805 2447 898 2506 lineas
923 2449 964 2506 bd
983 2449 1014 2506 et
1032 2449 1076 2507 dc
1091 2462 1116 2503 25

62 2535 227 2594 secundum
243 2536 460 2611 rectitudinem,
479 2556 574 2612 neque
592 2531 743 2615 (ponam)
761 2527 863 2595 earum
880 2536 1077 2611 protractioni

59 2624 238 2700 terminum,
257 2625 349 2684 donec
367 2625 440 2684 adeo
465 2627 536 2684 sunt
557 2626 655 2703 longe,
672 2627 707 2684 ut
725 2645 791 2684 cum
810 2625 935 2684 circulus
954 2625 1076 2684 circum-

61 2714 192 2772 ducetur
212 2717 365 2772 remaneat
388 2734 422 2772 ex
439 2733 617 2789 unaquaque
636 2733 738 2773 earum
756 2713 869 2789 aliquid
888 2715 1077 2788 superfluum.

61 2802 179 2860 Deinde
201 2821 311 2878 ponam
339 2806 481 2878 punctum
504 2805 520 2862 b
544 2805 690 2877 centrum,
714 2806 834 2861 etcum
858 2803 968 2879 spatio,
997 2803 1076 2877 quod

62 2893 111 2950 est
133 2891 212 2949 inter
235 2892 251 2949 b
275 2894 305 2948 et
325 2909 353 2965 9,
375 2891 591 2950 circumducam
614 2891 756 2951 circulum
776 2909 842 2966 pez.
883 2891 1075 2949 Manifestum
1090 2906 1116 2950 eo

62 2982 111 3039 est
141 2998 226 3057 ergo,
255 2979 334 3054 quod
349 2979 439 3050 ,linea
466 2982 507 3054 by
534 2983 578 3039 est
606 2981 718 3056 equalis
745 2981 822 3038 linee
850 2981 894 3040 ba
946 2979 978 3038 Si
1005 3000 1075 3057 ergo

59 3087 191 3146 posuero
214 3068 245 3126 in
268 3071 411 3144 punctum
434 3071 453 3128 d
476 3072 621 3145 centrum,
645 3072 675 3128 et
698 3089 764 3128 cum
786 3068 896 3144 spatio,
924 3068 1003 3144 quod
1031 3073 1076 3128 est

59 3159 187 3217 interd
209 3158 240 3215 et
261 3175 285 3234 a,
309 3157 488 3232 descripsero
512 3157 654 3217 circulum
675 3160 742 3232 alet,
765 3157 966 3234 manifestum,
995 3158 1075 3233 quod

138 3311 165 3378 1)
188 3307 323 3363 suemus
341 3309 367 3377 I,
385 3313 415 3363 2:
443 3309 470 3362 A
495 3309 559 3364 dcto
578 3316 681 3378 pactolo
704 3311 813 3365 cullibet
836 3311 903 3365 llaec
924 3316 992 3365 recte
1008 3327 1074 3379 pro-

56 3381 150 3452 posite
168 3397 182 3435 e
220 3397 265 3434 om
283 3381 382 3435 lincam
400 3381 502 3435 duom.

137 3451 164 3520 2)
205 3468 306 3505 nocuus
321 3456 381 3518 224,
397 3449 465 3504 roff.
484 3449 623 3520 Figuram,
641 3467 698 3504 non
715 3450 980 3505 demonstrationem
999 3450 1074 3519 apud

61 3523 216 3577 Ominum
233 3520 397 3590 invenimus,
418 3523 454 3576 et.
474 3521 739 3576 demonstrationem
757 3521 786 3574 in
805 3520 925 3575 Arabico
943 3521 1080 3574 Rucuma.
