<?xml version="1.0" encoding="UTF-8"?>
<!DOCTYPE html PUBLIC "-//W3C//DTD XHTML 1.0 Transitional//EN"
    "http://www.w3.org/TR/xhtml1/DTD/xhtml1-transitional.dtd">
<html xmlns="http://www.w3.org/1999/xhtml" xml:lang="en" lang="en">
 <head>
  <title>
</title>
<meta http-equiv="Content-Type" content="text/html;charset=utf-8" />
  <meta name='ocr-system' content='tesseract 3.04.00' />
  <meta name='ocr-capabilities' content='ocr_page ocr_carea ocr_par ocr_line ocrx_word'/>
</head>
<body>
  <div class='ocr_page' id='page_1' title='image "./euclidisoperaom14unkngoog_0312.png"; bbox 0 0 2316 3840; ppageno 0'>
   <div class='ocr_carea' id='block_1_1' title="bbox 394 169 1090 236">
    <p class='ocr_par' dir='ltr' id='par_1_1' title="bbox 394 169 1090 236">
     <span class='ocr_line' id='line_1_1' title="bbox 394 169 1090 236; baseline 0.006 -12"><span class='ocrx_word' id='word_1_1' title='bbox 394 170 444 224; x_wconf 79' lang='lat' dir='ltr'><strong>AD</strong></span> <span class='ocrx_word' id='word_1_2' title='bbox 462 169 648 225; x_wconf 83' lang='lat' dir='ltr'>EUCLIDEM</span> <span class='ocrx_word' id='word_1_3' title='bbox 665 170 733 225; x_wconf 90' lang='lat' dir='ltr'><strong>LIB.</strong></span> <span class='ocrx_word' id='word_1_4' title='bbox 746 171 780 228; x_wconf 82' lang='lat' dir='ltr'><strong>X.</strong></span> <span class='ocrx_word' id='word_1_5' title='bbox 1025 173 1090 236; x_wconf 80' lang='grc'><strong>275</strong></span> 
     </span>
    </p>
   </div>
   <div class='ocr_carea' id='block_1_2' title="bbox 55 332 1130 2138">
    <p class='ocr_par' dir='ltr' id='par_1_2' title="bbox 58 332 1130 1731">
     <span class='ocr_line' id='line_1_2' title="bbox 68 332 1090 415; baseline 0.004 -19"><span class='ocrx_word' id='word_1_6' title='bbox 68 357 146 397; x_wconf 90' lang='lat' dir='ltr'><strong>mus</strong></span> <span class='ocrx_word' id='word_1_7' title='bbox 173 339 206 396; x_wconf 94' lang='lat' dir='ltr'><strong>in</strong></span> <span class='ocrx_word' id='word_1_8' title='bbox 233 339 289 414; x_wconf 81' lang='lat' dir='ltr'><strong>eis,</strong></span> <span class='ocrx_word' id='word_1_9' title='bbox 316 339 477 398; x_wconf 90' lang='lat' dir='ltr'><strong>secundum</strong></span> <span class='ocrx_word' id='word_1_10' title='bbox 505 340 584 414; x_wconf 91' lang='lat' dir='ltr'><strong>quod</strong></span> <span class='ocrx_word' id='word_1_11' title='bbox 612 339 689 414; x_wconf 83' lang='lat' dir='ltr'><strong>dico,</strong></span> <span class='ocrx_word' id='word_1_12' title='bbox 718 340 767 398; x_wconf 90' lang='lat' dir='ltr'><strong>sic.</strong></span> <span class='ocrx_word' id='word_1_13' title='bbox 775 332 799 415; x_wconf 85' lang='lat'><strong>¹)</strong></span> <span class='ocrx_word' id='word_1_14' title='bbox 848 339 880 398; x_wconf 84' lang='lat' dir='ltr'><strong>Si</strong></span> <span class='ocrx_word' id='word_1_15' title='bbox 902 340 1090 400; x_wconf 83' lang='lat' dir='ltr'><strong>habuerimus</strong></span> 
     </span>
     <span class='ocr_line' id='line_1_3' title="bbox 68 427 1091 505; baseline 0.002 -19"><span class='ocrx_word' id='word_1_16' title='bbox 68 427 210 486; x_wconf 83' lang='lat' dir='ltr'><strong>radicem</strong></span> <span class='ocrx_word' id='word_1_17' title='bbox 240 427 350 505; x_wconf 76' lang='lat' dir='ltr'><strong>viginti</strong></span> <span class='ocrx_word' id='word_1_18' title='bbox 382 427 513 503; x_wconf 89' lang='lat' dir='ltr'><strong>quinque</strong></span> <span class='ocrx_word' id='word_1_19' title='bbox 541 432 572 486; x_wconf 90' lang='lat' dir='ltr'><strong>et</strong></span> <span class='ocrx_word' id='word_1_20' title='bbox 598 428 727 486; x_wconf 88' lang='lat' dir='ltr'><strong>radicem</strong></span> <span class='ocrx_word' id='word_1_21' title='bbox 754 447 873 504; x_wconf 79' lang='lat' dir='ltr'><strong>novem,</strong></span> <span class='ocrx_word' id='word_1_22' title='bbox 906 432 936 487; x_wconf 86' lang='lat' dir='ltr'><strong>et</strong></span> <span class='ocrx_word' id='word_1_23' title='bbox 962 429 1091 488; x_wconf 88' lang='lat' dir='ltr'><strong>radicem</strong></span> 
     </span>
     <span class='ocr_line' id='line_1_4' title="bbox 67 516 1090 595; baseline 0.003 -21"><span class='ocrx_word' id='word_1_24' title='bbox 67 516 188 594; x_wconf 73' lang='lat' dir='ltr'><strong>viginti</strong></span> <span class='ocrx_word' id='word_1_25' title='bbox 212 516 343 592; x_wconf 90' lang='lat' dir='ltr'><strong>quinque</strong></span> <span class='ocrx_word' id='word_1_26' title='bbox 361 520 484 592; x_wconf 85' lang='lat' dir='ltr'><strong>excepta</strong></span> <span class='ocrx_word' id='word_1_27' title='bbox 502 517 601 575; x_wconf 88' lang='lat' dir='ltr'><strong>radice</strong></span> <span class='ocrx_word' id='word_1_28' title='bbox 619 535 732 576; x_wconf 88' lang='lat' dir='ltr'><strong>novem.</strong></span> <span class='ocrx_word' id='word_1_29' title='bbox 771 516 803 575; x_wconf 84' lang='lat' dir='ltr'><strong>Si</strong></span> <span class='ocrx_word' id='word_1_30' title='bbox 822 536 892 595; x_wconf 91' lang='lat' dir='ltr'><strong>crgo</strong></span> <span class='ocrx_word' id='word_1_31' title='bbox 910 518 1090 577; x_wconf 82' lang='lat' dir='ltr'><strong>voluerimus</strong></span> 
     </span>
     <span class='ocr_line' id='line_1_5' title="bbox 69 605 1092 681; baseline 0.001 -17"><span class='ocrx_word' id='word_1_32' title='bbox 69 623 126 664; x_wconf 84' lang='lat' dir='ltr'><strong>eas</strong></span> <span class='ocrx_word' id='word_1_33' title='bbox 154 607 185 663; x_wconf 89' lang='lat' dir='ltr'><strong>et</strong></span> <span class='ocrx_word' id='word_1_34' title='bbox 208 605 320 664; x_wconf 90' lang='lat' dir='ltr'><strong>adhoc</strong></span> <span class='ocrx_word' id='word_1_35' title='bbox 338 605 453 680; x_wconf 83' lang='lat' dir='ltr'><strong>ducere,</strong></span> <span class='ocrx_word' id='word_1_36' title='bbox 471 605 735 680; x_wconf 75' lang='lat' dir='ltr'><strong>multiplicabimus</strong></span> <span class='ocrx_word' id='word_1_37' title='bbox 755 605 813 664; x_wconf 92' lang='lat' dir='ltr'><strong>duo</strong></span> <span class='ocrx_word' id='word_1_38' title='bbox 831 605 863 663; x_wconf 93' lang='lat' dir='ltr'><strong>in</strong></span> <span class='ocrx_word' id='word_1_39' title='bbox 882 605 949 681; x_wconf 84' lang='lat' dir='ltr'><strong>duc,</strong></span> <span class='ocrx_word' id='word_1_40' title='bbox 968 609 998 664; x_wconf 88' lang='lat' dir='ltr'><strong>et</strong></span> <span class='ocrx_word' id='word_1_41' title='bbox 1015 606 1092 665; x_wconf 91' lang='lat' dir='ltr'><strong>fiunt</strong></span> 
     </span>
     <span class='ocr_line' id='line_1_6' title="bbox 67 694 1129 771; baseline -0.004 -19"><span class='ocrx_word' id='word_1_42' title='bbox 67 697 221 770; x_wconf 86' lang='lat' dir='ltr'><strong>quatuor,</strong></span> <span class='ocrx_word' id='word_1_43' title='bbox 249 697 279 753; x_wconf 89' lang='lat' dir='ltr'><strong>et</strong></span> <span class='ocrx_word' id='word_1_44' title='bbox 305 694 569 770; x_wconf 78' lang='lat' dir='ltr'><strong>multiplicabimus</strong></span> <span class='ocrx_word' id='word_1_45' title='bbox 597 694 672 752; x_wconf 93' lang='lat' dir='ltr'><strong>illud</strong></span> <span class='ocrx_word' id='word_1_46' title='bbox 698 694 730 752; x_wconf 94' lang='lat' dir='ltr'><strong>in</strong></span> <span class='ocrx_word' id='word_1_47' title='bbox 756 694 865 771; x_wconf 79' lang='lat' dir='ltr'><strong>viginti</strong></span> <span class='ocrx_word' id='word_1_48' title='bbox 894 695 1037 771; x_wconf 82' lang='lat' dir='ltr'><strong>quinque,</strong></span> <span class='ocrx_word' id='word_1_49' title='bbox 1060 699 1091 754; x_wconf 88' lang='lat' dir='ltr'><strong>et</strong></span> <span class='ocrx_word' id='word_1_50' title='bbox 1117 707 1129 748; x_wconf 84' lang='lat'>5</span> 
     </span>
     <span class='ocr_line' id='line_1_7' title="bbox 64 782 1090 860; baseline 0.001 -19"><span class='ocrx_word' id='word_1_51' title='bbox 64 782 254 860; x_wconf 87' lang='lat' dir='ltr'><strong>provenient</strong></span> <span class='ocrx_word' id='word_1_52' title='bbox 276 786 408 858; x_wconf 89' lang='lat' dir='ltr'><strong>centum,</strong></span> <span class='ocrx_word' id='word_1_53' title='bbox 432 783 514 842; x_wconf 84' lang='lat' dir='ltr'><strong>cuius</strong></span> <span class='ocrx_word' id='word_1_54' title='bbox 537 782 623 842; x_wconf 82' lang='lat' dir='ltr'><strong>radix</strong></span> <span class='ocrx_word' id='word_1_55' title='bbox 645 785 767 857; x_wconf 88' lang='lat' dir='ltr'><strong>accepta</strong></span> <span class='ocrx_word' id='word_1_56' title='bbox 790 785 835 840; x_wconf 86' lang='lat' dir='ltr'><strong>cst</strong></span> <span class='ocrx_word' id='word_1_57' title='bbox 857 782 970 842; x_wconf 90' lang='lat' dir='ltr'><strong>decem:</strong></span> <span class='ocrx_word' id='word_1_58' title='bbox 992 787 1090 844; x_wconf 91' lang='lat' dir='ltr'><strong>totum</strong></span> 
     </span>
     <span class='ocr_line' id='line_1_8' title="bbox 67 870 1091 949; baseline 0.001 -19"><span class='ocrx_word' id='word_1_59' title='bbox 67 890 150 948; x_wconf 87' lang='lat' dir='ltr'><strong>ergo</strong></span> <span class='ocrx_word' id='word_1_60' title='bbox 178 875 225 931; x_wconf 88' lang='lat' dir='ltr'><strong>est</strong></span> <span class='ocrx_word' id='word_1_61' title='bbox 252 871 312 932; x_wconf 92' lang='lat' dir='ltr'><strong>duo</strong></span> <span class='ocrx_word' id='word_1_62' title='bbox 339 871 452 930; x_wconf 76' lang='lat' dir='ltr'><strong>radices</strong></span> <span class='ocrx_word' id='word_1_63' title='bbox 474 870 584 947; x_wconf 84' lang='lat' dir='ltr'><strong>viginti</strong></span> <span class='ocrx_word' id='word_1_64' title='bbox 607 871 747 947; x_wconf 87' lang='lat' dir='ltr'><strong>quinque.</strong></span> <span class='ocrx_word' id='word_1_65' title='bbox 794 870 852 929; x_wconf 83' lang='lat' dir='ltr'><strong>Sed</strong></span> <span class='ocrx_word' id='word_1_66' title='bbox 874 872 959 930; x_wconf 80' lang='lat' dir='ltr'><strong>radix</strong></span> <span class='ocrx_word' id='word_1_67' title='bbox 982 873 1091 949; x_wconf 85' lang='lat' dir='ltr'><strong>viginti</strong></span> 
     </span>
     <span class='ocr_line' id='line_1_9' title="bbox 66 960 1090 1037; baseline 0 -19"><span class='ocrx_word' id='word_1_68' title='bbox 66 961 210 1037; x_wconf 89' lang='lat' dir='ltr'><strong>quinque</strong></span> <span class='ocrx_word' id='word_1_69' title='bbox 238 963 284 1020; x_wconf 91' lang='lat' dir='ltr'><strong>est</strong></span> <span class='ocrx_word' id='word_1_70' title='bbox 310 961 442 1037; x_wconf 89' lang='lat' dir='ltr'><strong>quinque</strong></span> <span class='ocrx_word' id='word_1_71' title='bbox 466 963 496 1019; x_wconf 87' lang='lat' dir='ltr'><strong>et</strong></span> <span class='ocrx_word' id='word_1_72' title='bbox 518 960 603 1018; x_wconf 83' lang='lat' dir='ltr'><strong>radix</strong></span> <span class='ocrx_word' id='word_1_73' title='bbox 626 979 731 1020; x_wconf 85' lang='lat' dir='ltr'><strong>novem</strong></span> <span class='ocrx_word' id='word_1_74' title='bbox 755 963 799 1018; x_wconf 88' lang='lat' dir='ltr'><strong>est</strong></span> <span class='ocrx_word' id='word_1_75' title='bbox 821 961 982 1036; x_wconf 85' lang='lat' dir='ltr'><strong>ternarius,</strong></span> <span class='ocrx_word' id='word_1_76' title='bbox 1011 962 1090 1036; x_wconf 91' lang='lat' dir='ltr'><strong>quod</strong></span> 
     </span>
     <span class='ocr_line' id='line_1_10' title="bbox 63 1048 1090 1126; baseline -0.001 -17"><span class='ocrx_word' id='word_1_77' title='bbox 63 1068 149 1126; x_wconf 84' lang='lat' dir='ltr'><strong>ergo</strong></span> <span class='ocrx_word' id='word_1_78' title='bbox 177 1048 213 1106; x_wconf 90' lang='lat' dir='ltr'><strong>fit</strong></span> <span class='ocrx_word' id='word_1_79' title='bbox 239 1069 274 1107; x_wconf 86' lang='lat' dir='ltr'><strong>ex</strong></span> <span class='ocrx_word' id='word_1_80' title='bbox 297 1050 339 1108; x_wconf 90' lang='lat' dir='ltr'><strong>eis</strong></span> <span class='ocrx_word' id='word_1_81' title='bbox 363 1052 409 1107; x_wconf 90' lang='lat' dir='ltr'><strong>est</strong></span> <span class='ocrx_word' id='word_1_82' title='bbox 432 1051 511 1124; x_wconf 88' lang='lat' dir='ltr'><strong>octo,</strong></span> <span class='ocrx_word' id='word_1_83' title='bbox 539 1049 589 1107; x_wconf 90' lang='lat' dir='ltr'><strong>eui</strong></span> <span class='ocrx_word' id='word_1_84' title='bbox 612 1067 806 1126; x_wconf 84' lang='lat' dir='ltr'><strong>aggregemus</strong></span> <span class='ocrx_word' id='word_1_85' title='bbox 829 1049 959 1107; x_wconf 86' lang='lat' dir='ltr'><strong>radicem</strong></span> <span class='ocrx_word' id='word_1_86' title='bbox 981 1049 1090 1126; x_wconf 83' lang='lat' dir='ltr'><strong>viginti</strong></span> 
     </span>
     <span class='ocr_line' id='line_1_11' title="bbox 63 1137 1130 1215; baseline 0.001 -19"><span class='ocrx_word' id='word_1_87' title='bbox 63 1138 209 1215; x_wconf 89' lang='lat' dir='ltr'><strong>quinque</strong></span> <span class='ocrx_word' id='word_1_88' title='bbox 230 1137 330 1196; x_wconf 89' lang='lat' dir='ltr'><strong>radice</strong></span> <span class='ocrx_word' id='word_1_89' title='bbox 352 1156 459 1197; x_wconf 88' lang='lat' dir='ltr'><strong>novem</strong></span> <span class='ocrx_word' id='word_1_90' title='bbox 478 1141 609 1212; x_wconf 83' lang='lat' dir='ltr'><strong>excepta,</strong></span> <span class='ocrx_word' id='word_1_91' title='bbox 632 1157 688 1213; x_wconf 89' lang='lat' dir='ltr'><strong>que</strong></span> <span class='ocrx_word' id='word_1_92' title='bbox 707 1137 1130 1211; x_wconf 85' lang='lat' dir='ltr'><strong>estduo,eteritdecem.10</strong></span> 
     </span>
     <span class='ocr_line' id='line_1_12' title="bbox 64 1225 1089 1301; baseline 0 -16"><span class='ocrx_word' id='word_1_93' title='bbox 64 1225 165 1296; x_wconf 83' lang='lat' dir='ltr'><strong>Quod</strong></span> <span class='ocrx_word' id='word_1_94' title='bbox 188 1225 214 1284; x_wconf 89' lang='lat' dir='ltr'><strong>si</strong></span> <span class='ocrx_word' id='word_1_95' title='bbox 235 1246 330 1284; x_wconf 89' lang='lat' dir='ltr'><strong>unum</strong></span> <span class='ocrx_word' id='word_1_96' title='bbox 352 1245 453 1285; x_wconf 90' lang='lat' dir='ltr'><strong>earum</strong></span> <span class='ocrx_word' id='word_1_97' title='bbox 472 1246 507 1285; x_wconf 84' lang='lat' dir='ltr'><strong>ex</strong></span> <span class='ocrx_word' id='word_1_98' title='bbox 525 1228 620 1284; x_wconf 87' lang='lat' dir='ltr'><strong>altera</strong></span> <span class='ocrx_word' id='word_1_99' title='bbox 640 1226 771 1284; x_wconf 88' lang='lat' dir='ltr'><strong>minuere</strong></span> <span class='ocrx_word' id='word_1_100' title='bbox 789 1225 977 1301; x_wconf 68' lang='lat' dir='ltr'><strong>volucrimus</strong></span> <span class='ocrx_word' id='word_1_101' title='bbox 995 1245 1089 1285; x_wconf 86' lang='lat' dir='ltr'><strong>remo-</strong></span> 
     </span>
     <span class='ocr_line' id='line_1_13' title="bbox 62 1314 1090 1391; baseline -0.003 -15"><span class='ocrx_word' id='word_1_102' title='bbox 62 1315 212 1376; x_wconf 81' lang='lat' dir='ltr'><strong>vebimus</strong></span> <span class='ocrx_word' id='word_1_103' title='bbox 239 1315 297 1374; x_wconf 92' lang='lat' dir='ltr'><strong>duo</strong></span> <span class='ocrx_word' id='word_1_104' title='bbox 324 1316 434 1391; x_wconf 83' lang='lat' dir='ltr'><strong>prima,</strong></span> <span class='ocrx_word' id='word_1_105' title='bbox 465 1319 495 1374; x_wconf 86' lang='lat' dir='ltr'><strong>et</strong></span> <span class='ocrx_word' id='word_1_106' title='bbox 522 1315 787 1391; x_wconf 74' lang='lat' dir='ltr'><strong>multiplicabimus</strong></span> <span class='ocrx_word' id='word_1_107' title='bbox 815 1315 872 1372; x_wconf 88' lang='lat' dir='ltr'><strong>duo</strong></span> <span class='ocrx_word' id='word_1_108' title='bbox 899 1315 932 1371; x_wconf 92' lang='lat' dir='ltr'><strong>in</strong></span> <span class='ocrx_word' id='word_1_109' title='bbox 960 1314 1030 1390; x_wconf 86' lang='lat' dir='ltr'><strong>duo,</strong></span> <span class='ocrx_word' id='word_1_110' title='bbox 1059 1319 1090 1373; x_wconf 92' lang='lat' dir='ltr'><strong>et</strong></span> 
     </span>
     <span class='ocr_line' id='line_1_14' title="bbox 60 1402 1089 1483; baseline -0.003 -19"><span class='ocrx_word' id='word_1_111' title='bbox 60 1403 253 1483; x_wconf 85' lang='lat' dir='ltr'><strong>provenient</strong></span> <span class='ocrx_word' id='word_1_112' title='bbox 291 1406 427 1480; x_wconf 89' lang='lat' dir='ltr'><strong>quatuor.</strong></span> <span class='ocrx_word' id='word_1_113' title='bbox 486 1403 600 1462; x_wconf 88' lang='lat' dir='ltr'><strong>Deinde</strong></span> <span class='ocrx_word' id='word_1_114' title='bbox 636 1402 899 1478; x_wconf 85' lang='lat' dir='ltr'><strong>multiplicabimus</strong></span> <span class='ocrx_word' id='word_1_115' title='bbox 936 1403 1022 1461; x_wconf 91' lang='lat' dir='ltr'><strong>illum</strong></span> <span class='ocrx_word' id='word_1_116' title='bbox 1056 1403 1089 1461; x_wconf 93' lang='lat' dir='ltr'><strong>in</strong></span> 
     </span>
     <span class='ocr_line' id='line_1_15' title="bbox 60 1491 1088 1571; baseline -0.004 -17"><span class='ocrx_word' id='word_1_117' title='bbox 60 1513 191 1568; x_wconf 83' lang='lat' dir='ltr'><strong>novem,</strong></span> <span class='ocrx_word' id='word_1_118' title='bbox 216 1496 246 1550; x_wconf 90' lang='lat' dir='ltr'><strong>et</strong></span> <span class='ocrx_word' id='word_1_119' title='bbox 267 1492 345 1551; x_wconf 89' lang='lat' dir='ltr'><strong>fiunt</strong></span> <span class='ocrx_word' id='word_1_120' title='bbox 361 1493 488 1571; x_wconf 86' lang='lat' dir='ltr'><strong>triginta</strong></span> <span class='ocrx_word' id='word_1_121' title='bbox 507 1512 565 1566; x_wconf 85' lang='lat' dir='ltr'><strong>sex,</strong></span> <span class='ocrx_word' id='word_1_122' title='bbox 587 1493 670 1551; x_wconf 86' lang='lat' dir='ltr'><strong>cuius</strong></span> <span class='ocrx_word' id='word_1_123' title='bbox 690 1491 850 1567; x_wconf 88' lang='lat' dir='ltr'><strong>accipimus</strong></span> <span class='ocrx_word' id='word_1_124' title='bbox 868 1492 1006 1567; x_wconf 79' lang='lat' dir='ltr'><strong>radicem,</strong></span> <span class='ocrx_word' id='word_1_125' title='bbox 1030 1512 1088 1568; x_wconf 91' lang='lat' dir='ltr'><strong>que</strong></span> 
     </span>
     <span class='ocr_line' id='line_1_16' title="bbox 60 1580 1127 1657; baseline -0.004 -15"><span class='ocrx_word' id='word_1_126' title='bbox 60 1584 128 1642; x_wconf 83' lang='lat' dir='ltr'><strong>erit</strong></span> <span class='ocrx_word' id='word_1_127' title='bbox 155 1599 215 1656; x_wconf 83' lang='lat' dir='ltr'><strong>sex,</strong></span> <span class='ocrx_word' id='word_1_128' title='bbox 238 1581 291 1657; x_wconf 89' lang='lat' dir='ltr'><strong>qui</strong></span> <span class='ocrx_word' id='word_1_129' title='bbox 314 1584 360 1640; x_wconf 88' lang='lat' dir='ltr'><strong>est</strong></span> <span class='ocrx_word' id='word_1_130' title='bbox 383 1585 448 1641; x_wconf 88' lang='lat' dir='ltr'><strong>octo</strong></span> <span class='ocrx_word' id='word_1_131' title='bbox 473 1584 594 1656; x_wconf 86' lang='lat' dir='ltr'><strong>excepto</strong></span> <span class='ocrx_word' id='word_1_132' title='bbox 617 1580 740 1639; x_wconf 90' lang='lat' dir='ltr'><strong>binario.</strong></span> <span class='ocrx_word' id='word_1_133' title='bbox 778 1581 819 1638; x_wconf 84' lang='lat' dir='ltr'><strong>Et</strong></span> <span class='ocrx_word' id='word_1_134' title='bbox 836 1580 912 1638; x_wconf 91' lang='lat' dir='ltr'><strong>illud</strong></span> <span class='ocrx_word' id='word_1_135' title='bbox 931 1584 984 1657; x_wconf 82' lang='lat' dir='ltr'><strong>est,</strong></span> <span class='ocrx_word' id='word_1_136' title='bbox 1009 1581 1088 1656; x_wconf 89' lang='lat' dir='ltr'><strong>quod</strong></span> <span class='ocrx_word' id='word_1_137' title='bbox 1101 1592 1127 1633; x_wconf 80' lang='lat'><strong>15</strong></span> 
     </span>
     <span class='ocr_line' id='line_1_17' title="bbox 58 1670 457 1731; baseline -0.01 0"><span class='ocrx_word' id='word_1_138' title='bbox 58 1672 278 1731; x_wconf 85' lang='lat' dir='ltr'><strong>demonstrare</strong></span> <span class='ocrx_word' id='word_1_139' title='bbox 301 1670 457 1729; x_wconf 82' lang='lat' dir='ltr'><strong>voluimus.</strong></span> 
     </span>
    </p>

    <p class='ocr_par' dir='ltr' id='par_1_3' title="bbox 55 1750 1127 2138">
     <span class='ocr_line' id='line_1_18' title="bbox 163 1750 1088 1840; baseline 0.001 -24"><span class='ocrx_word' id='word_1_140' title='bbox 163 1750 436 1840; x_wconf 63' lang='lat' dir='ltr'><strong>Proposituml)</strong></span> <span class='ocrx_word' id='word_1_141' title='bbox 474 1756 548 1816; x_wconf 73' lang='lat' dir='ltr'><strong>Cum</strong></span> <span class='ocrx_word' id='word_1_142' title='bbox 565 1757 694 1816; x_wconf 84' lang='lat' dir='ltr'><strong>volueris</strong></span> <span class='ocrx_word' id='word_1_143' title='bbox 713 1758 799 1816; x_wconf 87' lang='lat' dir='ltr'><strong>seire:</strong></span> <span class='ocrx_word' id='word_1_144' title='bbox 818 1758 962 1817; x_wconf 85' lang='lat' dir='ltr'><strong>medietas</strong></span> <span class='ocrx_word' id='word_1_145' title='bbox 980 1759 1088 1818; x_wconf 86' lang='lat' dir='ltr'><strong>radicis</strong></span> 
     </span>
     <span class='ocr_line' id='line_1_19' title="bbox 60 1846 1088 1922; baseline -0.003 -14"><span class='ocrx_word' id='word_1_146' title='bbox 60 1847 194 1908; x_wconf 90' lang='lat' dir='ltr'><strong>numeri</strong></span> <span class='ocrx_word' id='word_1_147' title='bbox 215 1846 278 1905; x_wconf 90' lang='lat' dir='ltr'><strong>dati</strong></span> <span class='ocrx_word' id='word_1_148' title='bbox 297 1847 380 1906; x_wconf 89' lang='lat' dir='ltr'><strong>euius</strong></span> <span class='ocrx_word' id='word_1_149' title='bbox 398 1846 514 1905; x_wconf 90' lang='lat' dir='ltr'><strong>numeri</strong></span> <span class='ocrx_word' id='word_1_150' title='bbox 532 1846 572 1904; x_wconf 90' lang='lat' dir='ltr'><strong>sit</strong></span> <span class='ocrx_word' id='word_1_151' title='bbox 589 1846 681 1921; x_wconf 63' lang='lat' dir='ltr'><strong>radix,</strong></span> <span class='ocrx_word' id='word_1_152' title='bbox 699 1846 964 1922; x_wconf 84' lang='lat' dir='ltr'><strong>multiplicabimus</strong></span> <span class='ocrx_word' id='word_1_153' title='bbox 980 1847 1088 1906; x_wconf 87' lang='lat' dir='ltr'><strong>medie-</strong></span> 
     </span>
     <span class='ocr_line' id='line_1_20' title="bbox 59 1934 1088 2011; baseline -0.005 -12"><span class='ocrx_word' id='word_1_154' title='bbox 59 1940 172 1999; x_wconf 82' lang='lat' dir='ltr'><strong>tatem</strong></span> <span class='ocrx_word' id='word_1_155' title='bbox 204 1934 236 1993; x_wconf 90' lang='lat' dir='ltr'><strong>in</strong></span> <span class='ocrx_word' id='word_1_156' title='bbox 268 1935 469 2011; x_wconf 82' lang='lat' dir='ltr'><strong>medietatem,</strong></span> <span class='ocrx_word' id='word_1_157' title='bbox 506 1934 611 1992; x_wconf 89' lang='lat' dir='ltr'><strong>deinde</strong></span> <span class='ocrx_word' id='word_1_158' title='bbox 647 1935 911 2010; x_wconf 89' lang='lat' dir='ltr'><strong>multiplicabimus</strong></span> <span class='ocrx_word' id='word_1_159' title='bbox 947 1937 1022 1994; x_wconf 89' lang='lat' dir='ltr'><strong>illud</strong></span> <span class='ocrx_word' id='word_1_160' title='bbox 1056 1937 1088 1994; x_wconf 94' lang='lat' dir='ltr'><strong>in</strong></span> 
     </span>
     <span class='ocr_line' id='line_1_21' title="bbox 55 2024 1127 2138; baseline -0.002 -58"><span class='ocrx_word' id='word_1_161' title='bbox 55 2082 76 2138; x_wconf 62' lang='lat' dir='ltr'><strong><em>b</em></strong></span> <span class='ocrx_word' id='word_1_162' title='bbox 290 2095 304 2134; x_wconf 60' lang='lat' dir='ltr'><strong><em>e</em></strong></span> <span class='ocrx_word' id='word_1_163' title='bbox 562 2043 718 2082; x_wconf 90' lang='lat' dir='ltr'><strong>numerum</strong></span> <span class='ocrx_word' id='word_1_164' title='bbox 752 2027 782 2082; x_wconf 85' lang='lat' dir='ltr'><strong>et</strong></span> <span class='ocrx_word' id='word_1_165' title='bbox 816 2024 976 2100; x_wconf 89' lang='lat' dir='ltr'><strong>accipimus</strong></span> <span class='ocrx_word' id='word_1_166' title='bbox 1008 2025 1086 2083; x_wconf 88' lang='lat' dir='ltr'><strong>radi·</strong></span> <span class='ocrx_word' id='word_1_167' title='bbox 1101 2038 1127 2079; x_wconf 82' lang='lat' dir='ltr'><strong>ao</strong></span> 
     </span>
    </p>
   </div>
   <div class='ocr_carea' id='block_1_3' title="bbox 498 2096 1086 2190">
    <p class='ocr_par' dir='ltr' id='par_1_4' title="bbox 498 2096 1086 2190">
     <span class='ocr_line' id='line_1_22' title="bbox 498 2096 1086 2190; baseline 0.003 -20"><span class='ocrx_word' id='word_1_168' title='bbox 498 2096 517 2132; x_wconf 65' lang='lat' dir='ltr'><strong><em>a</em></strong></span> <span class='ocrx_word' id='word_1_169' title='bbox 562 2131 626 2170; x_wconf 88' lang='lat' dir='ltr'><strong>cem</strong></span> <span class='ocrx_word' id='word_1_170' title='bbox 663 2112 738 2188; x_wconf 79' lang='lat' dir='ltr'><strong>eiua,</strong></span> <span class='ocrx_word' id='word_1_171' title='bbox 781 2112 861 2187; x_wconf 92' lang='lat' dir='ltr'><strong>quod</strong></span> <span class='ocrx_word' id='word_1_172' title='bbox 897 2117 1086 2190; x_wconf 87' lang='lat' dir='ltr'><strong>aggregatur.</strong></span> 
     </span>
    </p>
   </div>
   <div class='ocr_carea' id='block_1_4' title="bbox 70 2200 1124 2663">
    <p class='ocr_par' dir='ltr' id='par_1_5' title="bbox 70 2200 1124 2663">
     <span class='ocr_line' id='line_1_23' title="bbox 561 2200 1085 2261; baseline 0.002 -2"><span class='ocrx_word' id='word_1_173' title='bbox 561 2201 602 2259; x_wconf 81' lang='lat' dir='ltr'><strong>Et</strong></span> <span class='ocrx_word' id='word_1_174' title='bbox 613 2200 751 2259; x_wconf 89' lang='lat' dir='ltr'><strong>similiter</strong></span> <span class='ocrx_word' id='word_1_175' title='bbox 767 2201 792 2258; x_wconf 89' lang='lat' dir='ltr'><strong>si</strong></span> <span class='ocrx_word' id='word_1_176' title='bbox 803 2202 983 2260; x_wconf 86' lang='lat' dir='ltr'><strong>voluerimus</strong></span> <span class='ocrx_word' id='word_1_177' title='bbox 998 2202 1085 2261; x_wconf 90' lang='lat' dir='ltr'><strong>scire:</strong></span> 
     </span>
     <span class='ocr_line' id='line_1_24' title="bbox 561 2289 1085 2348; baseline 0 -1"><span class='ocrx_word' id='word_1_178' title='bbox 561 2290 654 2348; x_wconf 89' lang='lat' dir='ltr'><strong>tercia</strong></span> <span class='ocrx_word' id='word_1_179' title='bbox 672 2289 780 2348; x_wconf 87' lang='lat' dir='ltr'><strong>radicis</strong></span> <span class='ocrx_word' id='word_1_180' title='bbox 798 2308 900 2348; x_wconf 90' lang='lat' dir='ltr'><strong>census</strong></span> <span class='ocrx_word' id='word_1_181' title='bbox 921 2290 1002 2347; x_wconf 90' lang='lat' dir='ltr'><strong>cuius</strong></span> <span class='ocrx_word' id='word_1_182' title='bbox 1020 2309 1085 2347; x_wconf 89' lang='lat' dir='ltr'><strong>cen-</strong></span> 
     </span>
     <span class='ocr_line' id='line_1_25' title="bbox 560 2378 1084 2453; baseline 0 -17"><span class='ocrx_word' id='word_1_183' title='bbox 560 2396 610 2437; x_wconf 89' lang='lat' dir='ltr'><strong>sus</strong></span> <span class='ocrx_word' id='word_1_184' title='bbox 634 2378 673 2436; x_wconf 88' lang='lat' dir='ltr'><strong>sit</strong></span> <span class='ocrx_word' id='word_1_185' title='bbox 695 2378 794 2453; x_wconf 84' lang='lat' dir='ltr'><strong>radix,</strong></span> <span class='ocrx_word' id='word_1_186' title='bbox 818 2378 1084 2453; x_wconf 90' lang='lat' dir='ltr'><strong>multiplicabimus</strong></span> 
     </span>
     <span class='ocr_line' id='line_1_26' title="bbox 70 2456 1124 2542; baseline 0 -17"><span class='ocrx_word' id='word_1_187' title='bbox 70 2514 73 2518; x_wconf 94' lang='lat'>.</span> <span class='ocrx_word' id='word_1_188' title='bbox 370 2456 373 2461; x_wconf 43' lang='lat'>¹</span> <span class='ocrx_word' id='word_1_189' title='bbox 560 2467 684 2525; x_wconf 85' lang='lat' dir='ltr'><strong>terciam</strong></span> <span class='ocrx_word' id='word_1_190' title='bbox 697 2466 729 2525; x_wconf 92' lang='lat' dir='ltr'><strong>in</strong></span> <span class='ocrx_word' id='word_1_191' title='bbox 743 2467 878 2542; x_wconf 86' lang='lat' dir='ltr'><strong>tereiam;</strong></span> <span class='ocrx_word' id='word_1_192' title='bbox 891 2468 995 2525; x_wconf 90' lang='lat' dir='ltr'><strong>deinde</strong></span> <span class='ocrx_word' id='word_1_193' title='bbox 1008 2467 1084 2525; x_wconf 93' lang='lat' dir='ltr'><strong>mul-</strong></span> <span class='ocrx_word' id='word_1_194' title='bbox 1099 2477 1124 2518; x_wconf 77' lang='lat'><strong>25</strong></span> 
     </span>
     <span class='ocr_line' id='line_1_27' title="bbox 496 2554 1085 2663; baseline 0.002 -50"><span class='ocrx_word' id='word_1_195' title='bbox 496 2610 514 2663; x_wconf 68' lang='lat'><em>9</em></span> <span class='ocrx_word' id='word_1_196' title='bbox 558 2555 770 2631; x_wconf 83' lang='lat' dir='ltr'><strong>tiplicabimus,</strong></span> <span class='ocrx_word' id='word_1_197' title='bbox 794 2554 873 2630; x_wconf 87' lang='lat' dir='ltr'><strong>quod</strong></span> <span class='ocrx_word' id='word_1_198' title='bbox 890 2556 1035 2631; x_wconf 83' lang='lat' dir='ltr'><strong>provenit,</strong></span> <span class='ocrx_word' id='word_1_199' title='bbox 1053 2557 1085 2614; x_wconf 90' lang='lat' dir='ltr'><strong>in</strong></span> 
     </span>
    </p>
   </div>
   <div class='ocr_carea' id='block_1_5' title="bbox 50 2601 1085 2719">
    <p class='ocr_par' dir='ltr' id='par_1_6' title="bbox 50 2601 1085 2719">
     <span class='ocr_line' id='line_1_28' title="bbox 50 2601 1085 2719; baseline 0.003 -18"><span class='ocrx_word' id='word_1_200' title='bbox 50 2601 76 2655; x_wconf 63' lang='lat' dir='ltr'><strong>d</strong></span> <span class='ocrx_word' id='word_1_201' title='bbox 285 2610 302 2648; x_wconf 60' lang='lat' dir='ltr'><em>v</em></span> <span class='ocrx_word' id='word_1_202' title='bbox 559 2646 733 2702; x_wconf 86' lang='lat' dir='ltr'><strong>consumet</strong></span> <span class='ocrx_word' id='word_1_203' title='bbox 759 2644 920 2719; x_wconf 87' lang='lat' dir='ltr'><strong>accipimus</strong></span> <span class='ocrx_word' id='word_1_204' title='bbox 948 2645 1011 2704; x_wconf 92' lang='lat' dir='ltr'><strong>eius</strong></span> <span class='ocrx_word' id='word_1_205' title='bbox 1038 2664 1085 2704; x_wconf 89' lang='lat' dir='ltr'><strong>ra-</strong></span> 
     </span>
    </p>
   </div>
   <div class='ocr_carea' id='block_1_6' title="bbox 48 2732 1123 3084">
    <p class='ocr_par' dir='ltr' id='par_1_7' title="bbox 48 2732 1123 3084">
     <span class='ocr_line' id='line_1_29' title="bbox 49 2732 1085 2812; baseline -0.007 -13"><span class='ocrx_word' id='word_1_206' title='bbox 49 2739 174 2799; x_wconf 86' lang='lat' dir='ltr'><strong>dicem.</strong></span> <span class='ocrx_word' id='word_1_207' title='bbox 221 2733 262 2792; x_wconf 83' lang='lat' dir='ltr'><strong>Et</strong></span> <span class='ocrx_word' id='word_1_208' title='bbox 284 2733 422 2792; x_wconf 90' lang='lat' dir='ltr'><strong>similiter</strong></span> <span class='ocrx_word' id='word_1_209' title='bbox 445 2732 502 2790; x_wconf 89' lang='lat' dir='ltr'><strong>erit</strong></span> <span class='ocrx_word' id='word_1_210' title='bbox 525 2752 610 2791; x_wconf 89' lang='lat' dir='ltr'><strong>omne</strong></span> <span class='ocrx_word' id='word_1_211' title='bbox 633 2732 715 2807; x_wconf 87' lang='lat' dir='ltr'><strong>illud,</strong></span> <span class='ocrx_word' id='word_1_212' title='bbox 740 2732 820 2808; x_wconf 92' lang='lat' dir='ltr'><strong>quod</strong></span> <span class='ocrx_word' id='word_1_213' title='bbox 843 2753 877 2790; x_wconf 83' lang='lat' dir='ltr'><strong>ex</strong></span> <span class='ocrx_word' id='word_1_214' title='bbox 899 2733 955 2792; x_wconf 91' lang='lat' dir='ltr'><strong>hoc</strong></span> <span class='ocrx_word' id='word_1_215' title='bbox 978 2753 1085 2812; x_wconf 91' lang='lat' dir='ltr'><strong>genere</strong></span> 
     </span>
     <span class='ocr_line' id='line_1_30' title="bbox 50 2819 1085 2898; baseline -0.002 -14"><span class='ocrx_word' id='word_1_216' title='bbox 50 2826 144 2889; x_wconf 80' lang='lat' dir='ltr'><strong>scire</strong></span> <span class='ocrx_word' id='word_1_217' title='bbox 169 2821 360 2882; x_wconf 82' lang='lat' dir='ltr'><strong>voluerimus.</strong></span> <span class='ocrx_word' id='word_1_218' title='bbox 398 2819 528 2898; x_wconf 82' lang='lat' dir='ltr'><strong>Signabo</strong></span> <span class='ocrx_word' id='word_1_219' title='bbox 551 2821 654 2897; x_wconf 87' lang='lat' dir='ltr'><strong>itaque</strong></span> <span class='ocrx_word' id='word_1_220' title='bbox 676 2821 795 2896; x_wconf 86' lang='lat' dir='ltr'><strong>lineam,</strong></span> <span class='ocrx_word' id='word_1_221' title='bbox 818 2839 908 2896; x_wconf 90' lang='lat' dir='ltr'><strong>supra</strong></span> <span class='ocrx_word' id='word_1_222' title='bbox 930 2842 1021 2897; x_wconf 90' lang='lat' dir='ltr'><strong>quam</strong></span> <span class='ocrx_word' id='word_1_223' title='bbox 1040 2826 1085 2882; x_wconf 90' lang='lat' dir='ltr'><strong>est</strong></span> 
     </span>
     <span class='ocr_line' id='line_1_31' title="bbox 49 2909 1123 2990; baseline 0.002 -22"><span class='ocrx_word' id='word_1_224' title='bbox 49 2917 117 2990; x_wconf 76' lang='lat' dir='ltr'><strong>ab,</strong></span> <span class='ocrx_word' id='word_1_225' title='bbox 151 2930 212 2986; x_wconf 92' lang='lat' dir='ltr'><strong>que</strong></span> <span class='ocrx_word' id='word_1_226' title='bbox 240 2910 280 2969; x_wconf 89' lang='lat' dir='ltr'><strong>sit</strong></span> <span class='ocrx_word' id='word_1_227' title='bbox 305 2909 391 2969; x_wconf 83' lang='lat' dir='ltr'><strong>radix</strong></span> <span class='ocrx_word' id='word_1_228' title='bbox 418 2909 528 2987; x_wconf 88' lang='lat' dir='ltr'><strong>viginti</strong></span> <span class='ocrx_word' id='word_1_229' title='bbox 556 2911 698 2986; x_wconf 83' lang='lat' dir='ltr'><strong>quinque,</strong></span> <span class='ocrx_word' id='word_1_230' title='bbox 727 2912 758 2969; x_wconf 89' lang='lat' dir='ltr'><strong>et</strong></span> <span class='ocrx_word' id='word_1_231' title='bbox 785 2910 966 2969; x_wconf 85' lang='lat' dir='ltr'><strong>constituam</strong></span> <span class='ocrx_word' id='word_1_232' title='bbox 995 2930 1084 2987; x_wconf 89' lang='lat' dir='ltr'><strong>supra</strong></span> <span class='ocrx_word' id='word_1_233' title='bbox 1097 2923 1123 2962; x_wconf 79' lang='lat'><strong>³⁰</strong></span> 
     </span>
     <span class='ocr_line' id='line_1_32' title="bbox 48 2998 1084 3084; baseline -0.004 -21"><span class='ocrx_word' id='word_1_234' title='bbox 48 3001 215 3084; x_wconf 85' lang='lat' dir='ltr'><strong>punctam</strong></span> <span class='ocrx_word' id='word_1_235' title='bbox 233 3018 253 3059; x_wconf 88' lang='lat' dir='ltr'><strong>o</strong></span> <span class='ocrx_word' id='word_1_236' title='bbox 270 2998 381 3058; x_wconf 91' lang='lat' dir='ltr'><strong>lineam</strong></span> <span class='ocrx_word' id='word_1_237' title='bbox 399 2999 643 3075; x_wconf 85' lang='lat' dir='ltr'><strong>orthogonaliter,</strong></span> <span class='ocrx_word' id='word_1_238' title='bbox 659 3018 717 3074; x_wconf 88' lang='lat' dir='ltr'><strong>que</strong></span> <span class='ocrx_word' id='word_1_239' title='bbox 737 2998 777 3058; x_wconf 88' lang='lat' dir='ltr'><strong>sit</strong></span> <span class='ocrx_word' id='word_1_240' title='bbox 795 2998 910 3074; x_wconf 86' lang='lat' dir='ltr'><strong>equalis</strong></span> <span class='ocrx_word' id='word_1_241' title='bbox 930 2999 1084 3059; x_wconf 84' lang='lat' dir='ltr'><strong>medietati</strong></span> 
     </span>
    </p>
   </div>
   <div class='ocr_carea' id='block_1_7' title="bbox 113 3166 1080 3348">
    <p class='ocr_par' dir='ltr' id='par_1_8' title="bbox 113 3166 1080 3348">
     <span class='ocr_line' id='line_1_33' title="bbox 113 3166 1080 3348; baseline -0.004 -89"><span class='ocrx_word' id='word_1_242' title='bbox 113 3166 1080 3348; x_wconf 46' lang='lat' dir='ltr'><strong>organale-orere&lt;u÷rr)-(u-n)</strong></span> 
     </span>
    </p>
   </div>
   <div class='ocr_carea' id='block_1_8' title="bbox 54 3538 948 3681">
    <p class='ocr_par' dir='ltr' id='par_1_9' title="bbox 54 3538 948 3681">
     <span class='ocr_line' id='line_1_34' title="bbox 54 3538 877 3610; baseline -0.012 -7"><span class='ocrx_word' id='word_1_243' title='bbox 54 3544 169 3604; x_wconf 85' lang='lat' dir='ltr'><strong>ductio</strong></span> <span class='ocrx_word' id='word_1_244' title='bbox 189 3541 328 3599; x_wconf 80' lang='lat' dir='ltr'><strong>secundae</strong></span> <span class='ocrx_word' id='word_1_245' title='bbox 343 3539 435 3610; x_wconf 84' lang='lat' dir='ltr'><strong>partis</strong></span> <span class='ocrx_word' id='word_1_246' title='bbox 453 3539 650 3597; x_wconf 84' lang='lat' dir='ltr'><strong>commentarii</strong></span> <span class='ocrx_word' id='word_1_247' title='bbox 667 3541 756 3597; x_wconf 88' lang='lat' dir='ltr'><strong>finem</strong></span> <span class='ocrx_word' id='word_1_248' title='bbox 770 3538 877 3594; x_wconf 77' lang='lat' dir='ltr'><strong>babet.</strong></span> 
     </span>
     <span class='ocr_line' id='line_1_35' title="bbox 890 3626 948 3681; baseline 0 0"><span class='ocrx_word' id='word_1_249' title='bbox 890 3626 948 3681; x_wconf 49' lang='grc' dir='ltr'><strong>ΧΨ</strong></span> 
     </span>
    </p>
   </div>
   <div class='ocr_carea' id='block_1_9' title="bbox 0 0 1162 3840">
    <p class='ocr_par' dir='ltr' id='par_1_10' title="bbox 0 0 1162 3840">
     <span class='ocr_line' id='line_1_36' title="bbox 0 0 1162 3840; baseline 0 5"><span class='ocrx_word' id='word_1_250' title='bbox 0 0 1162 3840; x_wconf 95' lang='lat' dir='ltr'><strong> </strong></span> 
     </span>
    </p>
   </div>
  </div>
 </body>
</html>
