2316 3840
401 92 566 147 ANARITII
584 90 841 147 COMMENTARII

160 263 258 338 pilum
284 280 307 320 a.
353 261 545 320 Manifestum
573 265 618 320 est
639 260 745 339 igitur,
773 261 852 338 quod
874 261 933 320 duo
958 262 1059 322 latera
1083 265 1131 340 ab,

193 350 365 425 cooperiunt
403 350 461 408 duo
493 350 589 409 latera
621 351 673 428 de,
710 368 751 410 er.
812 348 845 408 Si
876 350 958 408 enim
990 352 1132 412 ceciderit

148 441 260 497 motum
291 458 310 498 e
341 434 513 516 (exterius)
545 438 582 497 ad
615 438 841 498 similitudinem
871 440 978 515 puncti
1012 445 1037 517 t,
1077 441 1131 502 erit

116 1335 244 1412 angulus
276 1339 339 1410 cet,
377 1334 490 1392 scilicet
522 1333 648 1410 angulus
681 1334 757 1408 obp,
789 1332 885 1392 maior
913 1336 1028 1412 angulo
1063 1338 1128 1398 ced.

87 1422 174 1481 used
195 1423 256 1482 iam
278 1423 337 1481 fuit
361 1423 388 1481 ei
412 1423 534 1499 equalis,
559 1422 639 1497 quod
663 1424 707 1480 est
730 1422 912 1480 contrarium
935 1426 968 1482 et
990 1424 1126 1503 impossi-

115 1512 182 1571 bile.
233 1511 274 1570 ut
306 1512 332 1571 si
364 1512 503 1571 ceciderit
530 1511 611 1569 intra
642 1504 840 1587 triangulum}
873 1504 1146 1586 quemadmodum

116 1601 193 1659 linee
218 1602 263 1679 eh,
286 1602 333 1677 lte,
357 1601 415 1659 erit
437 1600 567 1676 angulus
589 1601 650 1659 red
671 1599 767 1657 maior
790 1600 901 1676 angulo
915 1601 989 1677 hez,
1015 1602 1125 1662 scilicet

117 1690 228 1766 angulo
252 1691 323 1764 obp.
376 1689 434 1747 Sed
466 1690 527 1748 iam
558 1689 618 1746 fuit
650 1688 677 1747 ei
709 1688 837 1764 equalis,
869 1688 951 1763 quod
986 1693 1034 1750 est
1062 1709 1122 1751 con·

117 1778 244 1835 trarium
268 1780 297 1836 et
320 1778 511 1854 impossibile.

77 1884 103 1923 io
185 1865 242 1923 Sed
266 1868 290 1925 si
312 1867 402 1925 huius
424 1866 518 1943 figure
542 1864 641 1924 addite
663 1864 762 1942 figura
784 1864 922 1924 vicesimo
946 1869 1030 1926 sexte
1054 1882 1119 1943 opus

116 1955 208 2012 fuerit
225 1955 302 2013 sicut
321 1974 393 2032 opus
412 1955 506 2033 figure
527 1957 642 2030 quarte,
665 1954 775 2030 absque
794 1953 883 2012 dubio
903 1953 1138 2025 contrarietatis,

116 2047 181 2101 tum
202 2045 394 2103 manifestum
417 2044 481 2118 erit,
505 2043 585 2119 quod
604 2043 732 2120 angulus
751 2044 767 2101 b
786 2043 919 2118 cooperit
939 2038 1113 2122 angulume,

117 2136 146 2191 et
169 2134 332 2210 angulusp
356 2133 487 2208 cooperit
510 2132 654 2208 angulum
675 2149 700 2206 a,
724 2134 754 2189 et
776 2149 845 2189 cum
866 2131 919 2190 isti
942 2131 1001 2190 duo
1021 2128 1111 2209 anguli

116 2223 291 2297 cooperiunt
318 2223 392 2280 duos
421 2221 544 2298 angulos
569 2238 595 2295 c,
617 2239 646 2295 a,
675 2222 705 2277 et
731 2221 811 2278 latus
835 2221 874 2294 by
902 2219 1110 2296 suprapositum

76 2324 102 2364 15
116 2311 203 2369 lateri
227 2329 261 2370 cc
289 2310 421 2385 cooperit
445 2310 556 2385 ipsum:
585 2329 654 2386 ergo
679 2308 738 2367 duo
761 2307 879 2384 reliqua
901 2309 1000 2368 latera
1022 2322 1105 2384 super

115 2399 215 2474 posita
233 2399 348 2456 duobus
371 2398 493 2474 reliquis
516 2397 659 2457 lateribus
683 2397 857 2472 cooperiunt
878 2397 958 2472 ipsa,
987 2396 1103 2474 quodque

116 2486 229 2544 scilicet
253 2505 338 2544 suum
355 2487 527 2562 relativum,
551 2488 581 2544 et
600 2485 726 2563 angulus
745 2504 764 2545 a
783 2485 915 2561 cooperit
934 2487 1070 2563 angulum
1082 2479 1099 2538 d·

117 2578 147 2632 et
175 2573 344 2651 triangulus
377 2575 508 2650 cooperit
539 2575 736 2652 triangulum3
774 2576 804 2632 et
835 2573 913 2632 illud
946 2578 1004 2651 est,
1040 2583 1094 2648 quot

118 2662 319 2722 demonstrare
342 2663 499 2722 voluimus.

75 2765 103 2806 ao
182 2752 346 2828 Postquam
373 2771 442 2829 ergo
474 2753 529 2812 hoc
561 2752 713 2811 theorema
741 2750 849 2810 scitum
875 2750 981 2826 fuerit,
1013 2748 1080 2808 sciet

117 2840 284 2915 probatio
307 2842 421 2919 figure
445 2844 547 2899 sexte
576 2841 686 2916 absque
714 2833 853 2917 <angulis
876 2839 932 2897 sub
955 2839 1020 2898 basi
1041 2854 1073 2914 po

117 2925 186 3007 tie>
218 2931 290 3005 quia
318 2931 412 2989 omnis
439 2930 497 2988 erit
528 2929 706 2988 huiusmodi.
767 2927 849 2987 Cum
890 2927 958 2987 duo
991 2943 1066 3003 angl

118 3018 272 3077 alicuius
313 3018 491 3095 trianguli
532 3021 615 3076 sunt
651 3018 812 3094 equuleo,
848 3019 936 3075 tunc
967 3017 1041 3092 ipse

117 3106 263 3165 duorum
286 3108 465 3182 equalium
491 3107 653 3164 laterum.
695 3105 831 3180 Exempli
855 3123 944 3164 causa
968 3106 1008 3164 sit
1027 3108 1053 3162 tr

76 3206 104 3246 2⁵
117 3195 203 3271 gnrlus
219 3196 290 3270 obp,
309 3190 361 3272 <et
375 3195 434 3267 sit>
452 3195 596 3272 trianguli
614 3189 784 3272 (engistus)
800 3196 864 3268 obp
883 3194 999 3270 equalis
1014 3213 1046 3252 ar

117 3286 194 3357 cpb·
219 3282 292 3356 dico,
316 3283 395 3359 quod
416 3284 498 3342 latus
517 3284 558 3343 ab
582 3286 627 3342 est
650 3284 754 3359 equale
777 3283 865 3341 lateri
888 3301 938 3357 ap.
981 3282 1040 3341 Pro

118 3372 190 3447 eius,
214 3371 355 3448 quoniam
382 3372 513 3430 dividam
541 3372 598 3431 duo
627 3372 723 3430 latera
747 3373 796 3447 bri,
820 3388 865 3446 ep,
888 3373 919 3429 et
940 3390 1032 3447 ponar

111 3461 176 3520 sint
198 3461 326 3539 equalia,
351 3462 381 3520 et
402 3461 578 3539 protraham
599 3461 675 3519 <luae
696 3461 791 3518 lineas
811 3461 856 3535 beq
873 3461 924 3534 pei.
966 3461 1025 3519 Du<
