2316 3840
96 162 136 226 17
139 164 160 226 4
382 163 547 218 ANARITII
565 162 821 219 COMMENTARII

93 333 125 405 b,
148 335 171 404 t,
199 336 229 389 et
256 331 316 390 sint
343 350 443 389 omnes
471 334 502 389 et
528 331 657 390 oliorum
684 333 823 391 continue
850 332 883 391 in
905 335 1118 412 proportione,

95 419 207 478 scilicet
234 421 273 478 sit
298 422 452 496 proportio
481 440 500 480 a
527 422 566 480 cd
594 424 610 481 b
637 421 714 479 sicut
739 422 893 497 proportio
918 441 934 482 e
963 425 1003 482 ed
1026 443 1058 499 z,
1086 429 1117 484 et
1148 440 1150 447 '

93 509 246 584 proportio
275 511 291 567 b
319 510 357 567 ud
377 527 397 583 9
424 510 501 568 sicut
522 510 675 587 proportio
697 529 715 569 c
737 511 777 568 ed
796 511 829 585 b,
857 514 888 569 et
910 515 1074 589 proportio
1095 533 1115 588 9

96 597 134 655 ud
156 599 177 655 d
198 599 277 656 sicut
298 599 450 673 proportio
472 600 491 656 b
514 599 553 657 ud
576 604 598 657 t:
626 599 692 658 dico
713 598 820 677 igitur,
848 601 932 675 quod
956 603 1114 678 proportio

68 697 115 744 ⁵o
138 687 176 744 ud
199 689 219 744 d
243 690 287 745 est
310 687 387 745 sicut
408 688 562 764 proportio
586 705 600 746 e
623 687 662 746 ed
684 692 702 745 t.
746 688 890 748 Probetio
913 688 991 748 eino.
1036 690 1112 760 Quo-

94 774 176 833 niam
208 776 361 851 proportio
390 795 409 835 a
440 777 478 834 ad
506 779 522 834 b
551 779 596 834 est
623 777 701 835 siout
725 777 880 852 proportio
909 796 925 836 c
955 780 995 837 od
1024 799 1053 856 c,
1086 784 1115 839 et

92 1840 245 1916 proportio
270 1843 286 1899 b
309 1841 347 1898 ud
368 1860 388 1914 9
411 1845 455 1900 est
477 1841 556 1899 sicut
577 1841 730 1916 proportio
752 1859 769 1900 r
791 1842 830 1899 od
852 1842 880 1916 b,
907 1863 979 1920 ergo
1006 1864 1110 1904 secun-

93 1930 165 1987 dum
187 1930 392 2004 probationem
413 1930 507 2007 figure
526 1929 664 1988 vicesimo
682 1930 808 1988 secunde
826 1930 914 1989 huius
935 1934 1036 2006 partis
1056 1935 1111 1992 erit

92 2018 245 2094 proportio
269 2038 288 2078 a
311 2020 349 2077 ad
369 2039 389 2093 9
412 2019 488 2077 sieut
510 2019 663 2093 proportio
687 2037 701 2076 e
723 2019 762 2076 ed
778 2019 805 2075 b.
846 2020 887 2077 Et
910 2021 1015 2096 etiem,
1040 2024 1110 2098 quie

51 2118 79 2156 1⁰
92 2109 245 2183 proportio
269 2127 288 2167 a
311 2109 349 2166 ud
369 2127 389 2181 9
412 2111 457 2166 est
479 2107 556 2165 siout
578 2108 730 2183 proportio
754 2125 769 2165 c
791 2107 829 2165 ad
849 2109 877 2183 b,
900 2112 931 2167 et
950 2113 1108 2186 proportio

89 2216 110 2271 9
133 2198 171 2255 ad
194 2199 214 2255 d
236 2200 282 2256 est
303 2197 381 2256 siout
403 2196 556 2271 proportio
578 2198 598 2254 b
621 2197 660 2254 od
679 2201 698 2270 t,
721 2215 791 2274 ergo
815 2197 979 2255 seeundum
1000 2201 1108 2274 probe-

91 2288 203 2345 tionem
225 2287 319 2364 figure
342 2286 480 2344 ricesime
503 2285 630 2344 secunde
652 2284 742 2343 huius
760 2285 855 2360 partis
874 2287 932 2344 erit
950 2290 1110 2364 proportio

92 2395 111 2434 o
135 2376 172 2434 ad
195 2377 215 2434 d
238 2376 314 2434 sicut
335 2375 488 2450 proportio
512 2392 526 2432 c
549 2375 587 2433 ad
605 2378 628 2447 ῖς
652 2377 682 2432 et
703 2373 779 2431 illud
802 2377 854 2448 est,
879 2376 961 2448 quod
986 2378 1108 2437 demon·

92 2467 187 2522 strare
210 2464 367 2522 voluimus.
1147 2484 1150 2491 ·

52 2562 78 2602 15
180 2552 314 2633 Figura
338 2553 492 2610 secunda
515 2551 781 2629 additefigure
799 2550 969 2610 vicesimo
990 2556 1108 2614 tercie
1147 2544 1150 2605 ἶ

91 2640 197 2698 huius
228 2640 344 2714 pertis
377 2642 536 2699 secundum
566 2640 772 2716 probationem
799 2639 976 2698 ordinatum.
1033 2643 1109 2702 Cum
1148 2679 1150 2693 ι

91 2729 183 2786 fuerit
204 2729 357 2803 proportio
380 2748 399 2788 a
422 2731 461 2788 od
484 2733 500 2788 b
523 2729 599 2788 sicut
621 2728 773 2804 proportio
795 2729 871 2786 tud
889 2733 908 2803 t,
932 2733 963 2788 et
981 2751 1110 2808 propor·
1148 2744 1150 2781 ἑ

92 2818 134 2876 tio
159 2820 175 2876 b
203 2818 281 2891 adp
309 2818 386 2877 sicut
411 2819 604 2894 proportior
631 2819 669 2876 ad
690 2819 721 2892 b,
749 2820 779 2875 et
803 2818 957 2892 proportio
979 2839 1001 2893 9
1027 2823 1109 2880 add
1148 2826 1150 2884 ἷ

92 2906 169 2965 sicut
191 2906 344 2982 proportio
368 2926 381 2965 e
404 2908 443 2965 ed
464 2925 493 2983 r,
516 2907 595 2982 dioc,
618 2907 698 2981 quod
720 2906 873 2981 proportio
896 2925 916 2964 α
940 2908 979 2965 cd
1005 2911 1027 2968 d
1051 2911 1108 2968 erit

51 3007 78 3046 2⁰
92 2995 170 3054 sicut
187 2996 339 3070 proportio
359 3014 374 3054 c
392 2997 430 3055 ad
448 3000 466 3053 t.
507 2996 648 3054 Probatio
669 2995 738 3053 ciue.
780 2994 928 3064 Quoniam
947 3000 1107 3075 proportio

91 3104 110 3142 o
137 3084 175 3142 ud
204 3087 220 3142 b
249 3088 294 3142 est
321 3085 398 3142 sicut
424 3084 577 3161 proportio
600 3086 619 3142 b
645 3085 683 3142 nd
706 3089 728 3158 t,
755 3087 786 3143 et
807 3084 960 3159 proportio
986 3088 1004 3144 b
1029 3089 1109 3162 adp

92 3176 137 3231 est
163 3173 240 3232 siout
256 3165 418 3248 ¹proportio
445 3192 462 3233 e
490 3173 527 3231 ad
549 3174 581 3249 b,
609 3193 679 3251 ergo
707 3173 869 3232 secundum
893 3175 1108 3247 probationem

90 3262 185 3340 figure
212 3262 349 3320 vicesimo
377 3263 467 3321 tercie
493 3262 582 3320 huius
605 3261 700 3337 partis
724 3261 781 3320 erit
801 3262 956 3337 proportio
981 3283 1003 3323 a
1028 3265 1107 3340 adp

91 3351 167 3410 sicut
195 3351 348 3426 proportio
375 3368 391 3410 c
419 3352 457 3410 ud
485 3356 502 3409 t.
552 3352 593 3410 Et
621 3352 691 3426 quio
717 3350 870 3426 proportio
898 3369 917 3409 o
947 3353 987 3410 ad
1015 3373 1036 3429 9
1063 3358 1108 3414 est

152 3547 175 3596 9.
198 3543 242 3596 est
260 3539 343 3596 sicut.
