2340 3834
378 157 429 212 AD
447 156 633 213 EUOLIDEM
650 156 718 211 ΠΒ.
733 157 754 211 1.
1029 156 1072 220 85

42 388 45 395 ,
78 331 102 371 u
117 321 165 383 ab
186 331 214 386 et
236 345 286 402 aq.
331 325 473 386 Probatio
497 326 568 385 eius.
615 323 761 395 Quoniam
784 324 963 384 constituam
986 344 1075 402 supra

80 400 173 472 laeam
190 418 229 476 ab
249 415 431 492 quadratum
449 416 544 490 aedb,
563 417 593 472 θὴ
611 414 784 490 protraham
801 413 912 472 lineam
926 432 968 488 aq
981 433 1074 491 usque

87 491 266 575 atomorum
287 523 304 566 a
327 508 357 564 et
379 524 497 581 ponam,
520 508 555 563 ut
577 503 657 561 linea
681 520 716 562 ez
734 503 774 561 sit
797 503 909 578 equalis
928 503 1005 562 linee
1025 522 1075 580 aq,

87 585 108 641 et
126 593 294 652 constituam
316 612 406 669 supra
428 594 539 652 lineam
567 610 602 652 ee
629 591 809 667 quadratum
838 593 923 667 θθὴὴ,
951 595 981 650 θὴ
1007 612 1074 668 pro·

86 671 169 739 dueum
182 683 239 742 dtlo
253 683 389 758 equalem
404 701 453 756 oq.
481 683 522 740 Et
536 681 607 757 quia
622 698 664 755 aq
677 683 830 756 protraota
845 683 889 739 est
904 680 1017 756 equalis
1034 700 1076 758 ez,
1103 692 1116 732 5

81 783 135 844 ergo
153 789 217 828 oum
234 771 430 830 minuerimus
450 789 637 831 communem
656 787 701 845 eq,
720 769 885 828 remanebit
904 788 943 829 αθ
961 771 1075 846 equalis

75 871 112 930 aq.
159 857 216 916 Sed
245 878 286 919 ue
313 862 358 919 est
386 860 500 936 equalis
529 860 585 933 ab,
613 878 683 935 ergo
711 858 791 916 linea
819 859 861 917 ab
889 861 934 917 est
961 855 1076 935 equalis

68 945 137 1005 lineo
163 965 210 1022 qa.
264 949 305 1007 Et
332 949 424 1007 etiam
446 949 490 1008 dle
511 949 665 1025 protracta
692 948 754 1005 fuit·
779 947 894 1022 equalis
919 965 965 1023 θθ,
989 952 1019 1007 et
1043 967 1077 1009 ea

620 1035 734 1111 equalis
773 1040 815 1109 θὴ,
853 1055 923 1113 ergo
956 1039 999 1096 dle
1031 1041 1076 1096 est

471 1127 496 1163 ‘l
622 1124 736 1200 equalis
749 1129 785 1182 et.
815 1124 985 1185 Demovebo
1005 1138 1116 1204 ergo10

622 1232 808 1272 communem
827 1214 869 1288 dt,
894 1216 924 1271 et
942 1234 1075 1273 remane-

620 1301 666 1360 bit
697 1304 737 1361 de
769 1301 884 1377 equalis
914 1303 954 1360 tl.
1018 1302 1076 1361 Sed

539 1367 559 1418 ὂ
621 1391 701 1449 mea
724 1392 764 1450 eu
792 1393 837 1449 ess
861 1391 974 1466 equares
998 1392 1075 1450 unae

621 1481 671 1556 ab,
691 1498 760 1556 ergo
780 1479 860 1537 linea
875 1481 908 1537 tle
926 1483 971 1538 θεὴ
986 1499 1074 1556 equa-

620 1568 658 1627 lis
677 1568 754 1626 linee
772 1569 820 1627 ab.
864 1567 921 1626 Sed
939 1569 1019 1627 linea
1033 1571 1076 1630 bd
1090 1580 1115 1620 15

621 1657 713 1715 etiam
732 1659 777 1714 θεὴ
796 1657 910 1732 equalis
929 1658 1006 1716 lineo
1021 1660 1076 1718 ab:

622 1765 692 1823 ergo
721 1748 850 1821 quatuor
876 1747 973 1805 latera
1004 1767 1075 1823 qua-

620 1838 689 1893 tuor
737 1835 957 1912 triangulorum
1005 1841 1074 1894 sunt

621 1922 749 1999 equalia,
768 1924 882 1982 seilioet
900 1926 950 2000 ab,
962 1943 1010 2001 qs,
1025 1927 1075 2002 bd,

540 2033 565 2081 l„
620 2013 661 2070 tt.
694 2011 735 2070 Et
753 2012 892 2070 similiter
910 2015 1072 2090 ostendam,
1088 2025 1114 2064 2⁰

615 2101 695 2176 quod
723 2103 853 2176 quatuor
886 2102 1002 2177 reliqua
1032 2104 1075 2161 la-

46 2197 120 2252 tera
142 2192 213 2248 sunt
231 2187 361 2263 equalia,
385 2188 497 2247 scilieet
517 2207 567 2264 ay,
585 2191 633 2264 ab,
651 2190 701 2264 dt,
721 2191 763 2264 tle,
787 2190 928 2264 quoniam
947 2209 989 2265 aq
1007 2211 1075 2267 pro-

48 2281 157 2340 tracta
168 2281 213 2336 θεὴ
223 2277 338 2352 equalis
354 2295 397 2353 ez,
412 2280 442 2335 et
456 2277 536 2336 linea
550 2295 585 2337 ez
599 2280 643 2336 θεὴ
658 2278 772 2353 equalis
786 2277 863 2335 lineo
878 2280 919 2354 te,
934 2280 1075 2354 quoniam

48 2371 93 2431 aa
108 2370 157 2426 θεὴ
173 2366 364 2441 quadratum,
379 2385 449 2443 ergo
464 2366 543 2425 linea
558 2384 602 2441 aq
615 2369 660 2425 est
674 2366 789 2441 equalis
803 2366 880 2424 linae
895 2368 935 2425 th.
961 2367 1019 2426 Sed
1033 2371 1075 2428 dle

49 2458 212 2534 protracta
235 2457 280 2513 θεὴ
298 2455 412 2529 equalis
434 2455 512 2513 linee
531 2473 581 2531 oq,
605 2457 635 2512 θὴ
657 2454 718 2513 iam
736 2455 794 2513 fuit
813 2458 971 2532 ostensum,
996 2459 1075 2533 quod
1089 2466 1114 2507 25

51 2546 139 2604 linea
166 2545 206 2603 eb
234 2545 279 2601 θεὴ
308 2544 422 2618 equalis
445 2544 521 2602 lineo
550 2562 595 2619 aa,
625 2546 655 2602 et
682 2544 771 2602 linea¹
790 2562 824 2603 θθ
850 2548 1003 2620 protracta
1031 2552 1076 2607 θεὴ

54 2632 175 2709 equalis
197 2631 275 2690 lineo
298 2649 354 2706 aq:
377 2632 437 2690 iam
465 2652 535 2711 ergo
564 2635 714 2692 ostensum
742 2635 795 2708 est,
823 2634 902 2709 quod
924 2635 1001 2694 linee
1025 2655 1074 2712 oq,

53 2723 104 2796 sb,
129 2721 184 2797 dle,
207 2721 242 2778 te
265 2723 335 2779 sunt
357 2723 486 2797 equales.
531 2721 571 2779 nt
593 2722 655 2780 iam
674 2724 824 2781 ostensum
848 2726 902 2797 θεὴ,
926 2725 1004 2799 quod
1024 2745 1074 2783 an-

54 2809 120 2888 guli
142 2812 272 2884 quatuor
289 2809 507 2887 triangulorum
525 2813 595 2868 sunt
613 2810 695 2886 recti,
719 2811 832 2869 seilicet
851 2813 952 2888 anguli
973 2832 992 2872 a
1011 2816 1041 2871 et
1059 2832 1075 2873 a

54 2902 86 2958 et
110 2903 122 2956 ὴ
145 2899 176 2956 θὴ
194 2899 227 2957 d:
250 2917 320 2975 ergo
339 2899 499 2957 seeundum
516 2899 723 2973 probationem
741 2898 836 2975 figure
855 2904 960 2975 quarte
979 2902 1072 2977 prime
1087 2907 1113 2945 ³⁰

53 2985 152 3064 partis
172 2989 259 3045 erunt
277 2987 372 3062 eorde,
391 3006 449 3062 que
468 2987 687 3046 subtenduntur
710 2989 837 3065 angulis,
861 2991 997 3067 equaleS‚
1022 2991 1073 3066 qui

54 3079 129 3135 sunt
157 3075 232 3133 recti
261 3077 291 3132 θὴ
318 3076 451 3151 equales,
480 3095 549 3152 ergo
578 3077 664 3137 eorde
693 3078 746 3151 by,
774 3078 831 3152 yle,
857 3079 912 3153 bie,
939 3080 980 3137 leb
1003 3083 1074 3138 sunt

54 3164 185 3241 equales.
233 3162 291 3221 Sed
314 3164 440 3241 angulus
464 3166 529 3224 dot
548 3169 592 3224 est
611 3166 725 3242 equalis
745 3167 855 3242 angulo
875 3168 952 3240 ooo:
975 3168 1073 3243 posito

53 3253 150 3332 igitur
178 3253 289 3330 angulo
314 3254 381 3327 qdb
414 3255 560 3311 communi
590 3257 673 3313 totus
707 3255 832 3332 angulus
860 3257 928 3315 abd
956 3258 1072 3332 equalis

52 3342 113 3402 toti
137 3341 247 3418 angulo
268 3342 341 3416 ybb.
389 3340 446 3400 Sed
469 3343 595 3420 angulus
619 3345 687 3403 abd
709 3347 754 3402 est
781 3347 892 3419 reotuS,
921 3365 991 3422 ergo
1020 3365 1070 3404 an·
1086 3355 1111 3395 3⁵

50 3463 267 3474 ,--..,..-.,-.

127 3535 170 3584 29.
187 3527 257 3582 reoti
275 3529 305 3581 et
321 3527 440 3595 equales.
