<?xml version="1.0" encoding="UTF-8"?>
<!DOCTYPE html PUBLIC "-//W3C//DTD XHTML 1.0 Transitional//EN"
    "http://www.w3.org/TR/xhtml1/DTD/xhtml1-transitional.dtd">
<html xmlns="http://www.w3.org/1999/xhtml" xml:lang="en" lang="en">
 <head>
  <title>
</title>
<meta http-equiv="Content-Type" content="text/html;charset=utf-8" />
  <meta name='ocr-system' content='tesseract 3.04.00' />
  <meta name='ocr-capabilities' content='ocr_page ocr_carea ocr_par ocr_line ocrx_word'/>
</head>
<body>
  <div class='ocr_page' id='page_1' title='image "./euclidisoperaom14unkngoog_0251.png"; bbox 0 0 2340 3834; ppageno 0'>
   <div class='ocr_carea' id='block_1_1' title="bbox 104 107 831 174">
    <p class='ocr_par' dir='ltr' id='par_1_1' title="bbox 104 107 831 174">
     <span class='ocr_line' id='line_1_1' title="bbox 104 107 831 174; baseline -0.019 1"><span class='ocrx_word' id='word_1_1' title='bbox 104 111 170 174; x_wconf 78' lang='lat'><strong>214</strong></span> <span class='ocrx_word' id='word_1_2' title='bbox 391 109 557 163; x_wconf 83' lang='lat' dir='ltr'><strong>ANARITII</strong></span> <span class='ocrx_word' id='word_1_3' title='bbox 575 107 831 164; x_wconf 79' lang='lat' dir='ltr'>COMMENTARII</span> 
     </span>
    </p>
   </div>
   <div class='ocr_carea' id='block_1_2' title="bbox 59 275 1148 2662">
    <p class='ocr_par' dir='ltr' id='par_1_2' title="bbox 101 275 1148 604">
     <span class='ocr_line' id='line_1_2' title="bbox 105 275 1148 355; baseline -0.002 -17"><span class='ocrx_word' id='word_1_4' title='bbox 105 278 328 355; x_wconf 83' lang='lat' dir='ltr'><strong>„dividamus</strong></span> <span class='ocrx_word' id='word_1_5' title='bbox 357 278 490 337; x_wconf 89' lang='lat' dir='ltr'><strong>lineam</strong></span> <span class='ocrx_word' id='word_1_6' title='bbox 518 278 733 352; x_wconf 72' lang='lat' dir='ltr'><strong>diffinitam,</strong></span> <span class='ocrx_word' id='word_1_7' title='bbox 766 297 841 336; x_wconf 91' lang='lat' dir='ltr'><strong>cum</strong></span> <span class='ocrx_word' id='word_1_8' title='bbox 873 294 945 352; x_wconf 88' lang='lat' dir='ltr'><strong>qua</strong></span> <span class='ocrx_word' id='word_1_9' title='bbox 972 275 1148 351; x_wconf 83' lang='lat' dir='ltr'><strong>relique</strong></span> 
     </span>
     <span class='ocr_line' id='line_1_3' title="bbox 103 364 1138 442; baseline -0.002 -16"><span class='ocrx_word' id='word_1_10' title='bbox 103 369 199 426; x_wconf 88' lang='lat' dir='ltr'><strong>linee</strong></span> <span class='ocrx_word' id='word_1_11' title='bbox 218 367 503 441; x_wconf 75' lang='lat' dir='ltr'><strong>ratiocinantur,</strong></span> <span class='ocrx_word' id='word_1_12' title='bbox 523 370 557 425; x_wconf 96' lang='lat' dir='ltr'><strong>et</strong></span> <span class='ocrx_word' id='word_1_13' title='bbox 575 368 683 441; x_wconf 87' lang='lat' dir='ltr'><strong>linee,</strong></span> <span class='ocrx_word' id='word_1_14' title='bbox 702 386 768 442; x_wconf 88' lang='lat' dir='ltr'><strong>que</strong></span> <span class='ocrx_word' id='word_1_15' title='bbox 788 364 1048 426; x_wconf 88' lang='lat' dir='ltr'><strong>communicant</strong></span> <span class='ocrx_word' id='word_1_16' title='bbox 1065 367 1138 440; x_wconf 83' lang='lat' dir='ltr'><strong>ei,</strong></span> 
     </span>
     <span class='ocr_line' id='line_1_4' title="bbox 103 455 1132 531; baseline -0.002 -17"><span class='ocrx_word' id='word_1_17' title='bbox 103 459 187 515; x_wconf 92' lang='lat' dir='ltr'><strong>sunt</strong></span> <span class='ocrx_word' id='word_1_18' title='bbox 215 456 430 531; x_wconf 90' lang='lat' dir='ltr'><strong>rationales,</strong></span> <span class='ocrx_word' id='word_1_19' title='bbox 464 460 499 515; x_wconf 91' lang='lat' dir='ltr'><strong>et</strong></span> <span class='ocrx_word' id='word_1_20' title='bbox 528 476 593 531; x_wconf 88' lang='lat' dir='ltr'><strong>que</strong></span> <span class='ocrx_word' id='word_1_21' title='bbox 622 456 653 514; x_wconf 92' lang='lat' dir='ltr'><strong>ei</strong></span> <span class='ocrx_word' id='word_1_22' title='bbox 681 455 1002 529; x_wconf 89' lang='lat' dir='ltr'><strong>incommunicant,</strong></span> <span class='ocrx_word' id='word_1_23' title='bbox 1029 458 1132 512; x_wconf 87' lang='lat' dir='ltr'><strong>sunt</strong></span> 
     </span>
     <span class='ocr_line' id='line_1_5' title="bbox 101 542 370 604; baseline 0 -2"><span class='ocrx_word' id='word_1_24' title='bbox 101 542 370 604; x_wconf 85' lang='lat' dir='ltr'><strong>irrationales“.</strong></span> 
     </span>
    </p>

    <p class='ocr_par' dir='ltr' id='par_1_3' title="bbox 76 625 1114 791">
     <span class='ocr_line' id='line_1_6' title="bbox 76 625 1114 710; baseline -0.003 -18"><span class='ocrx_word' id='word_1_25' title='bbox 76 645 89 686; x_wconf 79' lang='lat'>⁵</span> <span class='ocrx_word' id='word_1_26' title='bbox 191 634 275 692; x_wconf 87' lang='lat' dir='ltr'><strong>Dixit</strong></span> <span class='ocrx_word' id='word_1_27' title='bbox 293 633 466 693; x_wconf 75' lang='lat' dir='ltr'><strong>Euoumusz</strong></span> <span class='ocrx_word' id='word_1_28' title='bbox 497 633 607 702; x_wconf 75' lang='lat' dir='ltr'><strong>Inuca,</strong></span> <span class='ocrx_word' id='word_1_29' title='bbox 632 651 665 691; x_wconf 87' lang='lat' dir='ltr'><strong>eu</strong></span> <span class='ocrx_word' id='word_1_30' title='bbox 688 651 747 706; x_wconf 90' lang='lat' dir='ltr'><strong>qua</strong></span> <span class='ocrx_word' id='word_1_31' title='bbox 770 636 812 691; x_wconf 84' lang='lat' dir='ltr'><strong>cst</strong></span> <span class='ocrx_word' id='word_1_32' title='bbox 832 633 1011 706; x_wconf 82' lang='lat' dir='ltr'><strong>quadratum</strong></span> <span class='ocrx_word' id='word_1_33' title='bbox 1028 625 1114 710; x_wconf 70' lang='lat' dir='ltr'><strong>(ir)-</strong></span> 
     </span>
     <span class='ocr_line' id='line_1_7' title="bbox 101 723 638 791; baseline -0.002 -11"><span class='ocrx_word' id='word_1_34' title='bbox 101 724 253 791; x_wconf 72' lang='lat' dir='ltr'><strong>uationata</strong></span> <span class='ocrx_word' id='word_1_35' title='bbox 278 726 319 781; x_wconf 85' lang='lat' dir='ltr'><strong>cst</strong></span> <span class='ocrx_word' id='word_1_36' title='bbox 341 725 427 781; x_wconf 72' lang='lat' dir='ltr'><strong>etam</strong></span> <span class='ocrx_word' id='word_1_37' title='bbox 448 723 638 781; x_wconf 85' lang='lat' dir='ltr'><strong>irrationalis.</strong></span> 
     </span>
    </p>

    <p class='ocr_par' dir='ltr' id='par_1_4' title="bbox 101 805 1109 1064">
     <span class='ocr_line' id='line_1_8' title="bbox 192 805 1109 889; baseline -0.007 -20"><span class='ocrx_word' id='word_1_38' title='bbox 192 809 267 869; x_wconf 83' lang='lat' dir='ltr'><strong>Gum</strong></span> <span class='ocrx_word' id='word_1_39' title='bbox 298 811 374 870; x_wconf 84' lang='lat' dir='ltr'><strong>dixit</strong></span> <span class='ocrx_word' id='word_1_40' title='bbox 411 811 647 886; x_wconf 91' lang='lat' dir='ltr'><strong>„quadratum</strong></span> <span class='ocrx_word' id='word_1_41' title='bbox 678 805 981 889; x_wconf 83' lang='lat' dir='ltr'><strong>&lt;ir&gt;rationale“‚</strong></span> <span class='ocrx_word' id='word_1_42' title='bbox 1016 808 1109 868; x_wconf 84' lang='lat' dir='ltr'><strong>voluit</strong></span> 
     </span>
     <span class='ocr_line' id='line_1_9' title="bbox 101 897 1107 976; baseline -0.003 -19"><span class='ocrx_word' id='word_1_43' title='bbox 101 899 231 976; x_wconf 83' lang='lat' dir='ltr'><strong>intelligi</strong></span> <span class='ocrx_word' id='word_1_44' title='bbox 249 901 436 975; x_wconf 89' lang='lat' dir='ltr'><strong>quadratum,</strong></span> <span class='ocrx_word' id='word_1_45' title='bbox 461 900 539 975; x_wconf 93' lang='lat' dir='ltr'><strong>quod</strong></span> <span class='ocrx_word' id='word_1_46' title='bbox 557 899 725 975; x_wconf 88' lang='lat' dir='ltr'><strong>superficies</strong></span> <span class='ocrx_word' id='word_1_47' title='bbox 743 918 804 958; x_wconf 91' lang='lat' dir='ltr'><strong>non</strong></span> <span class='ocrx_word' id='word_1_48' title='bbox 816 900 978 973; x_wconf 75' lang='lat' dir='ltr'><strong>mensurat,</strong></span> <span class='ocrx_word' id='word_1_49' title='bbox 1001 897 1107 957; x_wconf 87' lang='lat' dir='ltr'><strong>scilicet</strong></span> 
     </span>
     <span class='ocr_line' id='line_1_10' title="bbox 102 987 1106 1064; baseline -0.002 -18"><span class='ocrx_word' id='word_1_50' title='bbox 102 1008 162 1046; x_wconf 92' lang='lat' dir='ltr'><strong>non</strong></span> <span class='ocrx_word' id='word_1_51' title='bbox 184 988 335 1048; x_wconf 83' lang='lat' dir='ltr'><strong>invenitur</strong></span> <span class='ocrx_word' id='word_1_52' title='bbox 362 990 389 1047; x_wconf 92' lang='lat' dir='ltr'><strong>ei</strong></span> <span class='ocrx_word' id='word_1_53' title='bbox 413 988 566 1064; x_wconf 80' lang='lat' dir='ltr'><strong>quantitas</strong></span> <span class='ocrx_word' id='word_1_54' title='bbox 589 987 782 1063; x_wconf 90' lang='lat' dir='ltr'><strong>superficialis</strong></span> <span class='ocrx_word' id='word_1_55' title='bbox 808 1006 983 1046; x_wconf 88' lang='lat' dir='ltr'><strong>mensurans</strong></span> <span class='ocrx_word' id='word_1_56' title='bbox 1006 988 1106 1062; x_wconf 87' lang='lat' dir='ltr'><strong>ipsum.</strong></span> 
     </span>
    </p>

    <p class='ocr_par' dir='ltr' id='par_1_5' title="bbox 62 1076 1111 1508">
     <span class='ocr_line' id='line_1_11' title="bbox 62 1076 1102 1154; baseline -0.003 -19"><span class='ocrx_word' id='word_1_57' title='bbox 62 1089 88 1129; x_wconf 91' lang='lat'><strong>10</strong></span> <span class='ocrx_word' id='word_1_58' title='bbox 102 1078 143 1136; x_wconf 82' lang='lat' dir='ltr'><strong>Et</strong></span> <span class='ocrx_word' id='word_1_59' title='bbox 166 1078 237 1153; x_wconf 90' lang='lat' dir='ltr'><strong>quia</strong></span> <span class='ocrx_word' id='word_1_60' title='bbox 260 1078 473 1154; x_wconf 86' lang='lat' dir='ltr'><strong>quadratorum</strong></span> <span class='ocrx_word' id='word_1_61' title='bbox 496 1077 534 1135; x_wconf 91' lang='lat' dir='ltr'><strong>ad</strong></span> <span class='ocrx_word' id='word_1_62' title='bbox 556 1077 683 1135; x_wconf 86' lang='lat' dir='ltr'><strong>invicem</strong></span> <span class='ocrx_word' id='word_1_63' title='bbox 705 1076 859 1152; x_wconf 89' lang='lat' dir='ltr'><strong>proportio</strong></span> <span class='ocrx_word' id='word_1_64' title='bbox 883 1079 929 1135; x_wconf 88' lang='lat' dir='ltr'><strong>est</strong></span> <span class='ocrx_word' id='word_1_65' title='bbox 948 1076 1024 1135; x_wconf 93' lang='lat' dir='ltr'><strong>sicut</strong></span> <span class='ocrx_word' id='word_1_66' title='bbox 1042 1093 1102 1151; x_wconf 91' lang='lat' dir='ltr'><strong>pro-</strong></span> 
     </span>
     <span class='ocr_line' id='line_1_12' title="bbox 101 1165 1107 1242; baseline -0.003 -17"><span class='ocrx_word' id='word_1_67' title='bbox 101 1167 200 1242; x_wconf 88' lang='lat' dir='ltr'><strong>portio</strong></span> <span class='ocrx_word' id='word_1_68' title='bbox 223 1167 351 1224; x_wconf 88' lang='lat' dir='ltr'><strong>laterum</strong></span> <span class='ocrx_word' id='word_1_69' title='bbox 373 1167 506 1242; x_wconf 88' lang='lat' dir='ltr'><strong>ipsorum</strong></span> <span class='ocrx_word' id='word_1_70' title='bbox 530 1165 717 1224; x_wconf 87' lang='lat' dir='ltr'><strong>adinvicem</strong></span> <span class='ocrx_word' id='word_1_71' title='bbox 740 1166 905 1241; x_wconf 87' lang='lat' dir='ltr'><strong>duplicata,</strong></span> <span class='ocrx_word' id='word_1_72' title='bbox 931 1167 961 1223; x_wconf 92' lang='lat' dir='ltr'><strong>et</strong></span> <span class='ocrx_word' id='word_1_73' title='bbox 984 1167 1107 1222; x_wconf 89' lang='lat' dir='ltr'><strong>nonest</strong></span> 
     </span>
     <span class='ocr_line' id='line_1_13' title="bbox 103 1253 1110 1331; baseline -0.002 -19"><span class='ocrx_word' id='word_1_74' title='bbox 103 1255 290 1330; x_wconf 87' lang='lat' dir='ltr'><strong>quadratum,</strong></span> <span class='ocrx_word' id='word_1_75' title='bbox 313 1255 394 1331; x_wconf 94' lang='lat' dir='ltr'><strong>quod</strong></span> <span class='ocrx_word' id='word_1_76' title='bbox 415 1257 565 1312; x_wconf 89' lang='lat' dir='ltr'><strong>mensuret</strong></span> <span class='ocrx_word' id='word_1_77' title='bbox 583 1255 763 1330; x_wconf 81' lang='lat' dir='ltr'><strong>quadratum</strong></span> <span class='ocrx_word' id='word_1_78' title='bbox 780 1253 964 1327; x_wconf 85' lang='lat' dir='ltr'><strong>irrationale,</strong></span> <span class='ocrx_word' id='word_1_79' title='bbox 986 1255 1110 1313; x_wconf 88' lang='lat' dir='ltr'><strong>nonest</strong></span> 
     </span>
     <span class='ocr_line' id='line_1_14' title="bbox 102 1341 1108 1419; baseline -0.002 -18"><span class='ocrx_word' id='word_1_80' title='bbox 102 1344 242 1419; x_wconf 86' lang='lat' dir='ltr'><strong>quadrati</strong></span> <span class='ocrx_word' id='word_1_81' title='bbox 264 1343 446 1402; x_wconf 88' lang='lat' dir='ltr'><strong>irrationalis</strong></span> <span class='ocrx_word' id='word_1_82' title='bbox 470 1344 509 1400; x_wconf 91' lang='lat' dir='ltr'><strong>ad</strong></span> <span class='ocrx_word' id='word_1_83' title='bbox 531 1343 624 1401; x_wconf 87' lang='lat' dir='ltr'><strong>alium</strong></span> <span class='ocrx_word' id='word_1_84' title='bbox 646 1343 826 1419; x_wconf 89' lang='lat' dir='ltr'><strong>quadratum</strong></span> <span class='ocrx_word' id='word_1_85' title='bbox 847 1342 1001 1418; x_wconf 88' lang='lat' dir='ltr'><strong>proportio</strong></span> <span class='ocrx_word' id='word_1_86' title='bbox 1020 1341 1108 1400; x_wconf 85' lang='lat' dir='ltr'><strong>ratio-</strong></span> 
     </span>
     <span class='ocr_line' id='line_1_15' title="bbox 101 1430 1111 1508; baseline -0.001 -19"><span class='ocrx_word' id='word_1_87' title='bbox 101 1434 186 1492; x_wconf 84' lang='lat' dir='ltr'><strong>nalis.</strong></span> <span class='ocrx_word' id='word_1_88' title='bbox 241 1433 310 1490; x_wconf 89' lang='lat' dir='ltr'><strong>Non</strong></span> <span class='ocrx_word' id='word_1_89' title='bbox 342 1434 387 1490; x_wconf 94' lang='lat' dir='ltr'><strong>est</strong></span> <span class='ocrx_word' id='word_1_90' title='bbox 413 1431 507 1508; x_wconf 84' lang='lat' dir='ltr'><strong>igitur</strong></span> <span class='ocrx_word' id='word_1_91' title='bbox 534 1432 626 1490; x_wconf 87' lang='lat' dir='ltr'><strong>etiam</strong></span> <span class='ocrx_word' id='word_1_92' title='bbox 655 1433 808 1507; x_wconf 89' lang='lat' dir='ltr'><strong>proportio</strong></span> <span class='ocrx_word' id='word_1_93' title='bbox 835 1432 939 1489; x_wconf 90' lang='lat' dir='ltr'><strong>lateris</strong></span> <span class='ocrx_word' id='word_1_94' title='bbox 971 1430 1111 1506; x_wconf 86' lang='lat' dir='ltr'><strong>quadrati</strong></span> 
     </span>
    </p>

    <p class='ocr_par' dir='ltr' id='par_1_6' title="bbox 62 1519 1117 1773">
     <span class='ocr_line' id='line_1_16' title="bbox 62 1519 1117 1596; baseline 0.003 -23"><span class='ocrx_word' id='word_1_95' title='bbox 62 1534 87 1574; x_wconf 86' lang='lat'><strong>15</strong></span> <span class='ocrx_word' id='word_1_96' title='bbox 102 1520 285 1580; x_wconf 87' lang='lat' dir='ltr'><strong>irrationalis</strong></span> <span class='ocrx_word' id='word_1_97' title='bbox 314 1519 352 1576; x_wconf 94' lang='lat' dir='ltr'><strong>ad</strong></span> <span class='ocrx_word' id='word_1_98' title='bbox 379 1521 473 1579; x_wconf 87' lang='lat' dir='ltr'><strong>lineas</strong></span> <span class='ocrx_word' id='word_1_99' title='bbox 497 1540 597 1579; x_wconf 88' lang='lat' dir='ltr'><strong>omnes</strong></span> <span class='ocrx_word' id='word_1_100' title='bbox 625 1521 778 1596; x_wconf 89' lang='lat' dir='ltr'><strong>proportio</strong></span> <span class='ocrx_word' id='word_1_101' title='bbox 801 1519 971 1594; x_wconf 87' lang='lat' dir='ltr'><strong>rationalis,</strong></span> <span class='ocrx_word' id='word_1_102' title='bbox 998 1520 1117 1579; x_wconf 82' lang='lat' dir='ltr'><strong>scilicet</strong></span> 
     </span>
     <span class='ocr_line' id='line_1_17' title="bbox 100 1604 1113 1688; baseline 0 -22"><span class='ocrx_word' id='word_1_103' title='bbox 100 1629 161 1667; x_wconf 91' lang='lat' dir='ltr'><strong>non</strong></span> <span class='ocrx_word' id='word_1_104' title='bbox 179 1610 338 1684; x_wconf 71' lang='lat' dir='ltr'><strong>invenitur,</strong></span> <span class='ocrx_word' id='word_1_105' title='bbox 362 1609 441 1684; x_wconf 92' lang='lat' dir='ltr'><strong>quod</strong></span> <span class='ocrx_word' id='word_1_106' title='bbox 459 1610 562 1668; x_wconf 89' lang='lat' dir='ltr'><strong>lateris</strong></span> <span class='ocrx_word' id='word_1_107' title='bbox 581 1609 722 1685; x_wconf 88' lang='lat' dir='ltr'><strong>quadrati</strong></span> <span class='ocrx_word' id='word_1_108' title='bbox 740 1604 965 1688; x_wconf 83' lang='lat' dir='ltr'><strong>&lt;ir&gt;rationalis</strong></span> <span class='ocrx_word' id='word_1_109' title='bbox 986 1609 1026 1668; x_wconf 91' lang='lat' dir='ltr'><strong>sit</strong></span> <span class='ocrx_word' id='word_1_110' title='bbox 1043 1627 1113 1684; x_wconf 88' lang='lat' dir='ltr'><strong>pro-</strong></span> 
     </span>
     <span class='ocr_line' id='line_1_18' title="bbox 100 1697 949 1773; baseline -0.001 -18"><span class='ocrx_word' id='word_1_111' title='bbox 100 1698 198 1772; x_wconf 85' lang='lat' dir='ltr'><strong>portio</strong></span> <span class='ocrx_word' id='word_1_112' title='bbox 221 1697 377 1756; x_wconf 85' lang='lat' dir='ltr'><strong>rationalis</strong></span> <span class='ocrx_word' id='word_1_113' title='bbox 400 1697 439 1754; x_wconf 93' lang='lat' dir='ltr'><strong>ad</strong></span> <span class='ocrx_word' id='word_1_114' title='bbox 462 1698 594 1773; x_wconf 90' lang='lat' dir='ltr'><strong>aliquam</strong></span> <span class='ocrx_word' id='word_1_115' title='bbox 616 1699 726 1756; x_wconf 86' lang='lat' dir='ltr'><strong>lineam</strong></span> <span class='ocrx_word' id='word_1_116' title='bbox 748 1699 949 1756; x_wconf 89' lang='lat' dir='ltr'><strong>rationalium.</strong></span> 
     </span>
    </p>

    <p class='ocr_par' dir='ltr' id='par_1_7' title="bbox 188 1780 650 1867">
     <span class='ocr_line' id='line_1_19' title="bbox 188 1780 650 1867; baseline 0.004 -24"><span class='ocrx_word' id='word_1_117' title='bbox 188 1786 305 1844; x_wconf 90' lang='lat' dir='ltr'><strong>Prime</strong></span> <span class='ocrx_word' id='word_1_118' title='bbox 328 1786 447 1862; x_wconf 85' lang='lat' dir='ltr'><strong>figure</strong></span> <span class='ocrx_word' id='word_1_119' title='bbox 470 1780 650 1867; x_wconf 72' lang='lat' dir='ltr'><strong>additi01).</strong></span> 
     </span>
    </p>

    <p class='ocr_par' dir='ltr' id='par_1_8' title="bbox 188 1874 1117 1952">
     <span class='ocr_line' id='line_1_20' title="bbox 188 1874 1117 1952; baseline -0.001 -19"><span class='ocrx_word' id='word_1_120' title='bbox 188 1875 252 1933; x_wconf 90' lang='lat' dir='ltr'><strong>Hec</strong></span> <span class='ocrx_word' id='word_1_121' title='bbox 274 1874 370 1952; x_wconf 82' lang='lat' dir='ltr'><strong>figura</strong></span> <span class='ocrx_word' id='word_1_122' title='bbox 400 1879 445 1934; x_wconf 88' lang='lat' dir='ltr'><strong>est</strong></span> <span class='ocrx_word' id='word_1_123' title='bbox 472 1876 648 1934; x_wconf 82' lang='lat' dir='ltr'><strong>antecedens</strong></span> <span class='ocrx_word' id='word_1_124' title='bbox 672 1875 749 1949; x_wconf 90' lang='lat' dir='ltr'><strong>eius,</strong></span> <span class='ocrx_word' id='word_1_125' title='bbox 782 1895 838 1950; x_wconf 91' lang='lat' dir='ltr'><strong>que</strong></span> <span class='ocrx_word' id='word_1_126' title='bbox 871 1894 938 1933; x_wconf 87' lang='lat' dir='ltr'><strong>eam</strong></span> <span class='ocrx_word' id='word_1_127' title='bbox 965 1875 1117 1950; x_wconf 83' lang='lat' dir='ltr'><strong>sequitur,</strong></span> 
     </span>
    </p>

    <p class='ocr_par' dir='ltr' id='par_1_9' title="bbox 61 1963 1125 2395">
     <span class='ocr_line' id='line_1_21' title="bbox 61 1963 1119 2040; baseline 0.004 -23"><span class='ocrx_word' id='word_1_128' title='bbox 61 1976 87 2016; x_wconf 78' lang='lat' dir='ltr'><strong>ao</strong></span> <span class='ocrx_word' id='word_1_129' title='bbox 102 1963 181 2038; x_wconf 93' lang='lat' dir='ltr'><strong>quod</strong></span> <span class='ocrx_word' id='word_1_130' title='bbox 203 1963 270 2023; x_wconf 91' lang='lat' dir='ltr'><strong>ideo</strong></span> <span class='ocrx_word' id='word_1_131' title='bbox 290 1968 342 2038; x_wconf 89' lang='lat' dir='ltr'><strong>est,</strong></span> <span class='ocrx_word' id='word_1_132' title='bbox 367 1965 516 2040; x_wconf 88' lang='lat' dir='ltr'><strong>quoniam,</strong></span> <span class='ocrx_word' id='word_1_133' title='bbox 540 1984 606 2022; x_wconf 91' lang='lat' dir='ltr'><strong>cum</strong></span> <span class='ocrx_word' id='word_1_134' title='bbox 625 1964 822 2040; x_wconf 78' lang='lat' dir='ltr'><strong>acceperimus</strong></span> <span class='ocrx_word' id='word_1_135' title='bbox 842 1984 876 2021; x_wconf 86' lang='lat' dir='ltr'><strong>ex</strong></span> <span class='ocrx_word' id='word_1_136' title='bbox 894 1963 1119 2039; x_wconf 82' lang='lat' dir='ltr'><strong>multiplicibus</strong></span> 
     </span>
     <span class='ocr_line' id='line_1_22' title="bbox 99 2052 1120 2129; baseline 0.001 -20"><span class='ocrx_word' id='word_1_137' title='bbox 99 2052 221 2112; x_wconf 88' lang='lat' dir='ltr'><strong>minoris</strong></span> <span class='ocrx_word' id='word_1_138' title='bbox 244 2053 276 2110; x_wconf 90' lang='lat' dir='ltr'><strong>in</strong></span> <span class='ocrx_word' id='word_1_139' title='bbox 298 2053 413 2127; x_wconf 88' lang='lat' dir='ltr'><strong>maiori,</strong></span> <span class='ocrx_word' id='word_1_140' title='bbox 437 2053 528 2112; x_wconf 92' lang='lat' dir='ltr'><strong>donec</strong></span> <span class='ocrx_word' id='word_1_141' title='bbox 548 2053 676 2129; x_wconf 88' lang='lat' dir='ltr'><strong>supersit</strong></span> <span class='ocrx_word' id='word_1_142' title='bbox 693 2053 845 2111; x_wconf 91' lang='lat' dir='ltr'><strong>residuum</strong></span> <span class='ocrx_word' id='word_1_143' title='bbox 863 2053 992 2111; x_wconf 84' lang='lat' dir='ltr'><strong>existens</strong></span> <span class='ocrx_word' id='word_1_144' title='bbox 1011 2052 1120 2110; x_wconf 81' lang='lat' dir='ltr'><strong>minus</strong></span> 
     </span>
     <span class='ocr_line' id='line_1_23' title="bbox 98 2141 1121 2217; baseline -0.001 -18"><span class='ocrx_word' id='word_1_145' title='bbox 98 2141 221 2217; x_wconf 88' lang='lat' dir='ltr'><strong>minore,</strong></span> <span class='ocrx_word' id='word_1_146' title='bbox 243 2145 314 2200; x_wconf 86' lang='lat' dir='ltr'><strong>tunc</strong></span> <span class='ocrx_word' id='word_1_147' title='bbox 336 2143 500 2201; x_wconf 90' lang='lat' dir='ltr'><strong>necessario</strong></span> <span class='ocrx_word' id='word_1_148' title='bbox 524 2143 589 2216; x_wconf 88' lang='lat' dir='ltr'><strong>erit,</strong></span> <span class='ocrx_word' id='word_1_149' title='bbox 611 2146 646 2201; x_wconf 92' lang='lat' dir='ltr'><strong>ut</strong></span> <span class='ocrx_word' id='word_1_150' title='bbox 663 2141 842 2216; x_wconf 82' lang='lat' dir='ltr'><strong>multiplicia</strong></span> <span class='ocrx_word' id='word_1_151' title='bbox 860 2141 914 2199; x_wconf 88' lang='lat' dir='ltr'><strong>illa</strong></span> <span class='ocrx_word' id='word_1_152' title='bbox 934 2142 994 2200; x_wconf 88' lang='lat' dir='ltr'><strong>sint</strong></span> <span class='ocrx_word' id='word_1_153' title='bbox 1012 2141 1121 2199; x_wconf 89' lang='lat' dir='ltr'><strong>maius</strong></span> 
     </span>
     <span class='ocr_line' id='line_1_24' title="bbox 97 2229 1123 2307; baseline -0.003 -18"><span class='ocrx_word' id='word_1_154' title='bbox 97 2231 258 2290; x_wconf 89' lang='lat' dir='ltr'><strong>medietate</strong></span> <span class='ocrx_word' id='word_1_155' title='bbox 283 2232 460 2307; x_wconf 88' lang='lat' dir='ltr'><strong>quantitatis</strong></span> <span class='ocrx_word' id='word_1_156' title='bbox 482 2232 612 2291; x_wconf 88' lang='lat' dir='ltr'><strong>maioris.</strong></span> <span class='ocrx_word' id='word_1_157' title='bbox 649 2231 689 2288; x_wconf 82' lang='lat' dir='ltr'><strong>Et</strong></span> <span class='ocrx_word' id='word_1_158' title='bbox 708 2229 853 2304; x_wconf 86' lang='lat' dir='ltr'><strong>similiter,</strong></span> <span class='ocrx_word' id='word_1_159' title='bbox 878 2249 944 2288; x_wconf 90' lang='lat' dir='ltr'><strong>cum</strong></span> <span class='ocrx_word' id='word_1_160' title='bbox 962 2231 1123 2305; x_wconf 82' lang='lat' dir='ltr'><strong>accipitur</strong></span> 
     </span>
     <span class='ocr_line' id='line_1_25' title="bbox 99 2319 1125 2395; baseline -0.002 -18"><span class='ocrx_word' id='word_1_161' title='bbox 99 2319 131 2377; x_wconf 89' lang='lat' dir='ltr'><strong>in</strong></span> <span class='ocrx_word' id='word_1_162' title='bbox 153 2320 267 2380; x_wconf 90' lang='lat' dir='ltr'><strong>minore</strong></span> <span class='ocrx_word' id='word_1_163' title='bbox 290 2341 325 2378; x_wconf 86' lang='lat' dir='ltr'><strong>ex</strong></span> <span class='ocrx_word' id='word_1_164' title='bbox 345 2320 559 2395; x_wconf 89' lang='lat' dir='ltr'><strong>multiplicibus</strong></span> <span class='ocrx_word' id='word_1_165' title='bbox 579 2319 800 2395; x_wconf 88' lang='lat' dir='ltr'><strong>superfluitatis,</strong></span> <span class='ocrx_word' id='word_1_166' title='bbox 824 2322 911 2377; x_wconf 89' lang='lat' dir='ltr'><strong>eruut</strong></span> <span class='ocrx_word' id='word_1_167' title='bbox 929 2319 1125 2394; x_wconf 82' lang='lat' dir='ltr'><strong>multiplicia</strong></span> 
     </span>
    </p>

    <p class='ocr_par' dir='ltr' id='par_1_10' title="bbox 59 2407 1126 2662">
     <span class='ocr_line' id='line_1_26' title="bbox 59 2407 1126 2484; baseline -0.004 -19"><span class='ocrx_word' id='word_1_168' title='bbox 59 2419 85 2460; x_wconf 77' lang='lat'><strong>26</strong></span> <span class='ocrx_word' id='word_1_169' title='bbox 98 2407 153 2466; x_wconf 92' lang='lat' dir='ltr'><strong>illa</strong></span> <span class='ocrx_word' id='word_1_170' title='bbox 184 2409 299 2468; x_wconf 89' lang='lat' dir='ltr'><strong>maiora</strong></span> <span class='ocrx_word' id='word_1_171' title='bbox 334 2409 493 2467; x_wconf 87' lang='lat' dir='ltr'><strong>medietate</strong></span> <span class='ocrx_word' id='word_1_172' title='bbox 523 2408 700 2484; x_wconf 88' lang='lat' dir='ltr'><strong>quantitatis</strong></span> <span class='ocrx_word' id='word_1_173' title='bbox 736 2408 872 2480; x_wconf 80' lang='lat' dir='ltr'><strong>minoris3</strong></span> <span class='ocrx_word' id='word_1_174' title='bbox 910 2410 941 2465; x_wconf 92' lang='lat' dir='ltr'><strong>et</strong></span> <span class='ocrx_word' id='word_1_175' title='bbox 972 2408 1126 2467; x_wconf 88' lang='lat' dir='ltr'><strong>similiter</strong></span> 
     </span>
     <span class='ocr_line' id='line_1_27' title="bbox 99 2493 1125 2575; baseline -0.001 -23"><span class='ocrx_word' id='word_1_176' title='bbox 99 2498 297 2556; x_wconf 88' lang='lat' dir='ltr'><strong>necessarium</strong></span> <span class='ocrx_word' id='word_1_177' title='bbox 321 2501 366 2556; x_wconf 88' lang='lat' dir='ltr'><strong>est</strong></span> <span class='ocrx_word' id='word_1_178' title='bbox 390 2497 453 2555; x_wconf 91' lang='lat' dir='ltr'><strong>fieri</strong></span> <span class='ocrx_word' id='word_1_179' title='bbox 477 2493 584 2575; x_wconf 73' lang='lat' dir='ltr'><strong>(cum)</strong></span> <span class='ocrx_word' id='word_1_180' title='bbox 607 2497 730 2573; x_wconf 90' lang='lat' dir='ltr'><strong>reliquis</strong></span> <span class='ocrx_word' id='word_1_181' title='bbox 753 2495 978 2571; x_wconf 82' lang='lat' dir='ltr'><strong>multiplicibus</strong></span> <span class='ocrx_word' id='word_1_182' title='bbox 1025 2494 1125 2554; x_wconf 82' lang='lat' dir='ltr'><strong>Dixit</strong></span> 
     </span>
     <span class='ocr_line' id='line_1_28' title="bbox 100 2583 1122 2662; baseline 0.002 -21"><span class='ocrx_word' id='word_1_183' title='bbox 100 2604 169 2661; x_wconf 83' lang='lat' dir='ltr'><strong>ergo</strong></span> <span class='ocrx_word' id='word_1_184' title='bbox 202 2586 233 2642; x_wconf 91' lang='lat' dir='ltr'><strong>in</strong></span> <span class='ocrx_word' id='word_1_185' title='bbox 265 2586 321 2643; x_wconf 89' lang='lat' dir='ltr'><strong>hac</strong></span> <span class='ocrx_word' id='word_1_186' title='bbox 348 2584 456 2662; x_wconf 82' lang='lat' dir='ltr'><strong>figura:</strong></span> <span class='ocrx_word' id='word_1_187' title='bbox 488 2586 624 2661; x_wconf 91' lang='lat' dir='ltr'><strong>„minus</strong></span> <span class='ocrx_word' id='word_1_188' title='bbox 656 2583 881 2660; x_wconf 85' lang='lat' dir='ltr'><strong>medietatc“,</strong></span> <span class='ocrx_word' id='word_1_189' title='bbox 914 2587 945 2642; x_wconf 93' lang='lat' dir='ltr'><strong>et</strong></span> <span class='ocrx_word' id='word_1_190' title='bbox 972 2585 1045 2643; x_wconf 88' lang='lat' dir='ltr'><strong>dicit</strong></span> <span class='ocrx_word' id='word_1_191' title='bbox 1075 2586 1122 2642; x_wconf 89' lang='lat' dir='ltr'><strong>in</strong></span> 
     </span>
    </p>
   </div>
   <div class='ocr_carea' id='block_1_3' title="bbox 97 2787 1115 3072">
    <p class='ocr_par' dir='ltr' id='par_1_11' title="bbox 97 2787 1115 3072">
     <span class='ocr_line' id='line_1_29' title="bbox 170 2787 1115 2860; baseline 0 -20"><span class='ocrx_word' id='word_1_192' title='bbox 170 2793 194 2840; x_wconf 85' lang='grc'><strong>6.</strong></span> <span class='ocrx_word' id='word_1_193' title='bbox 213 2787 374 2842; x_wconf 87' lang='lat' dir='ltr'><strong>rationales.</strong></span> <span class='ocrx_word' id='word_1_194' title='bbox 399 2821 433 2829; x_wconf 91' lang='lat'>-</span> <span class='ocrx_word' id='word_1_195' title='bbox 458 2794 481 2843; x_wconf 80' lang='lat'><strong>7.</strong></span> <span class='ocrx_word' id='word_1_196' title='bbox 501 2793 534 2843; x_wconf 93' lang='lat' dir='ltr'><strong>ut</strong></span> <span class='ocrx_word' id='word_1_197' title='bbox 552 2789 649 2844; x_wconf 90' lang='lat' dir='ltr'><strong>voluit.</strong></span> <span class='ocrx_word' id='word_1_198' title='bbox 679 2823 712 2830; x_wconf 96' lang='lat'><em>-</em></span> <span class='ocrx_word' id='word_1_199' title='bbox 742 2794 783 2843; x_wconf 89' lang='grc'><strong>10.</strong></span> <span class='ocrx_word' id='word_1_200' title='bbox 805 2789 949 2859; x_wconf 90' lang='lat' dir='ltr'><strong>proportio</strong></span> <span class='ocrx_word' id='word_1_201' title='bbox 969 2790 1024 2860; x_wconf 90' lang='lat' dir='ltr'><strong>est]</strong></span> <span class='ocrx_word' id='word_1_202' title='bbox 1043 2803 1115 2858; x_wconf 91' lang='lat' dir='ltr'><strong>pro-</strong></span> 
     </span>
     <span class='ocr_line' id='line_1_30' title="bbox 98 2858 1112 2931; baseline -0.001 -20"><span class='ocrx_word' id='word_1_203' title='bbox 98 2858 263 2926; x_wconf 87' lang='lat' dir='ltr'><strong>portionem.</strong></span> <span class='ocrx_word' id='word_1_204' title='bbox 288 2892 321 2899; x_wconf 93' lang='lat'>-</span> <span class='ocrx_word' id='word_1_205' title='bbox 347 2865 388 2913; x_wconf 83' lang='lat'><strong>15.</strong></span> <span class='ocrx_word' id='word_1_206' title='bbox 408 2858 592 2931; x_wconf 88' lang='lat' dir='ltr'><strong>irrationalis]</strong></span> <span class='ocrx_word' id='word_1_207' title='bbox 612 2864 644 2914; x_wconf 95' lang='lat' dir='ltr'><strong>ut</strong></span> <span class='ocrx_word' id='word_1_208' title='bbox 662 2859 818 2914; x_wconf 89' lang='lat' dir='ltr'><strong>rationalis.</strong></span> <span class='ocrx_word' id='word_1_209' title='bbox 842 2893 876 2900; x_wconf 91' lang='lat'>—</span> <span class='ocrx_word' id='word_1_210' title='bbox 900 2859 991 2914; x_wconf 88' lang='lat' dir='ltr'><strong>lineas</strong></span> <span class='ocrx_word' id='word_1_211' title='bbox 1010 2870 1112 2914; x_wconf 76' lang='lat' dir='ltr'><strong>omnes</strong></span> 
     </span>
     <span class='ocr_line' id='line_1_31' title="bbox 97 2927 1110 3000; baseline 0.003 -19"><span class='ocrx_word' id='word_1_212' title='bbox 97 2927 195 2984; x_wconf 87' lang='lat' dir='ltr'><strong>lineas.</strong></span> <span class='ocrx_word' id='word_1_213' title='bbox 217 2962 251 2970; x_wconf 95' lang='lat'>—</span> <span class='ocrx_word' id='word_1_214' title='bbox 271 2936 313 2984; x_wconf 79' lang='lat'><strong>20.</strong></span> <span class='ocrx_word' id='word_1_215' title='bbox 333 2930 609 3000; x_wconf 87' lang='lat' dir='ltr'><strong>multiplicatoribus.</strong></span> <span class='ocrx_word' id='word_1_216' title='bbox 629 2963 662 2973; x_wconf 85' lang='lat'>-</span> <span class='ocrx_word' id='word_1_217' title='bbox 682 2939 724 2986; x_wconf 77' lang='grc'><strong>22.</strong></span> <span class='ocrx_word' id='word_1_218' title='bbox 744 2930 912 3000; x_wconf 90' lang='lat' dir='ltr'><strong>multiplica.</strong></span> <span class='ocrx_word' id='word_1_219' title='bbox 928 2964 960 2972; x_wconf 94' lang='lat'>-</span> <span class='ocrx_word' id='word_1_220' title='bbox 981 2937 1023 2986; x_wconf 80' lang='lat'><strong>23.</strong></span> <span class='ocrx_word' id='word_1_221' title='bbox 1043 2941 1110 2984; x_wconf 84' lang='lat' dir='ltr'><strong>cum</strong></span> 
     </span>
     <span class='ocr_line' id='line_1_32' title="bbox 98 2999 459 3072; baseline 0.008 -20"><span class='ocrx_word' id='word_1_222' title='bbox 98 2999 247 3072; x_wconf 86' lang='lat' dir='ltr'><strong>accipitur]</strong></span> <span class='ocrx_word' id='word_1_223' title='bbox 267 3018 329 3055; x_wconf 92' lang='lat' dir='ltr'><strong>eam</strong></span> <span class='ocrx_word' id='word_1_224' title='bbox 348 3001 459 3070; x_wconf 88' lang='lat' dir='ltr'><strong>accipit.</strong></span> 
     </span>
    </p>
   </div>
   <div class='ocr_carea' id='block_1_4' title="bbox 78 3195 1100 3558">
    <p class='ocr_par' dir='ltr' id='par_1_12' title="bbox 78 3195 1100 3558">
     <span class='ocr_line' id='line_1_33' title="bbox 170 3195 1100 3272; baseline 0.002 -24"><span class='ocrx_word' id='word_1_225' title='bbox 170 3198 195 3265; x_wconf 90' lang='lat'><strong>1)</strong></span> <span class='ocrx_word' id='word_1_226' title='bbox 214 3195 349 3250; x_wconf 73' lang='lat' dir='ltr'><strong>Eunomus</strong></span> <span class='ocrx_word' id='word_1_227' title='bbox 364 3197 397 3265; x_wconf 87' lang='lat' dir='ltr'><strong>X,</strong></span> <span class='ocrx_word' id='word_1_228' title='bbox 414 3202 428 3249; x_wconf 93' lang='lat'>1</span> <span class='ocrx_word' id='word_1_229' title='bbox 444 3197 595 3267; x_wconf 71' lang='lat' dir='ltr'><strong>(Caminos</strong></span> <span class='ocrx_word' id='word_1_230' title='bbox 610 3200 638 3252; x_wconf 85' lang='lat' dir='ltr'><strong>et</strong></span> <span class='ocrx_word' id='word_1_231' title='bbox 652 3198 820 3251; x_wconf 81' lang='lat' dir='ltr'><strong>Humauoms</strong></span> <span class='ocrx_word' id='word_1_232' title='bbox 839 3197 938 3266; x_wconf 86' lang='lat' dir='ltr'><strong>idem):</strong></span> <span class='ocrx_word' id='word_1_233' title='bbox 958 3197 990 3252; x_wconf 82' lang='lat' dir='ltr'><strong>Si</strong></span> <span class='ocrx_word' id='word_1_234' title='bbox 1003 3215 1022 3250; x_wconf 87' lang='lat' dir='ltr'><strong>a</strong></span> <span class='ocrx_word' id='word_1_235' title='bbox 1035 3197 1100 3272; x_wconf 35' lang='lat' dir='ltr'><strong>dan-¹</strong></span> 
     </span>
     <span class='ocr_line' id='line_1_34' title="bbox 98 3267 1098 3338; baseline 0 -18"><span class='ocrx_word' id='word_1_236' title='bbox 98 3267 147 3321; x_wconf 84' lang='lat' dir='ltr'><strong>tus</strong></span> <span class='ocrx_word' id='word_1_237' title='bbox 165 3269 365 3336; x_wconf 76' lang='lat' dir='ltr'><strong>quantitatibus</strong></span> <span class='ocrx_word' id='word_1_238' title='bbox 383 3271 556 3338; x_wconf 69' lang='lat' dir='ltr'><strong>inequalitas</strong></span> <span class='ocrx_word' id='word_1_239' title='bbox 571 3271 718 3338; x_wconf 79' lang='lat' dir='ltr'><strong>propositis</strong></span> <span class='ocrx_word' id='word_1_240' title='bbox 736 3271 827 3323; x_wconf 81' lang='lat' dir='ltr'><strong>nnius</strong></span> <span class='ocrx_word' id='word_1_241' title='bbox 845 3270 961 3324; x_wconf 83' lang='lat' dir='ltr'><strong>dimidio</strong></span> <span class='ocrx_word' id='word_1_242' title='bbox 976 3287 993 3322; x_wconf 91' lang='lat' dir='ltr'><strong>a</strong></span> <span class='ocrx_word' id='word_1_243' title='bbox 1008 3269 1098 3322; x_wconf 75' lang='lat' dir='ltr'><strong>naun</strong></span> 
     </span>
     <span class='ocr_line' id='line_1_35' title="bbox 97 3339 1096 3411; baseline -0.001 -18"><span class='ocrx_word' id='word_1_244' title='bbox 97 3339 269 3406; x_wconf 66' lang='lat' dir='ltr'><strong>detrabatur,</strong></span> <span class='ocrx_word' id='word_1_245' title='bbox 287 3342 399 3409; x_wconf 81' lang='lat' dir='ltr'><strong>itcnquc</strong></span> <span class='ocrx_word' id='word_1_246' title='bbox 417 3341 450 3394; x_wconf 84' lang='lat' dir='ltr'><strong>de</strong></span> <span class='ocrx_word' id='word_1_247' title='bbox 467 3342 570 3411; x_wconf 77' lang='lat' dir='ltr'><strong>reliquo</strong></span> <span class='ocrx_word' id='word_1_248' title='bbox 589 3341 679 3395; x_wconf 77' lang='lat' dir='ltr'><strong>inuias</strong></span> <span class='ocrx_word' id='word_1_249' title='bbox 697 3341 812 3395; x_wconf 84' lang='lat' dir='ltr'><strong>dimidio</strong></span> <span class='ocrx_word' id='word_1_250' title='bbox 830 3342 964 3406; x_wconf 80' lang='lat' dir='ltr'><strong>dematur,</strong></span> <span class='ocrx_word' id='word_1_251' title='bbox 982 3341 1096 3404; x_wconf 70' lang='lat' dir='ltr'><strong>ceineas</strong></span> 
     </span>
     <span class='ocr_line' id='line_1_36' title="bbox 88 3411 1094 3480; baseline -0.003 -17"><span class='ocrx_word' id='word_1_252' title='bbox 88 3426 199 3480; x_wconf 79' lang='lat' dir='ltr'><strong>qaoque</strong></span> <span class='ocrx_word' id='word_1_253' title='bbox 219 3412 310 3468; x_wconf 81' lang='lat' dir='ltr'><strong>eadem</strong></span> <span class='ocrx_word' id='word_1_254' title='bbox 333 3412 424 3480; x_wconf 85' lang='lat' dir='ltr'><strong>uodo,</strong></span> <span class='ocrx_word' id='word_1_255' title='bbox 450 3429 553 3467; x_wconf 84' lang='lat' dir='ltr'><strong>necesse</strong></span> <span class='ocrx_word' id='word_1_256' title='bbox 574 3418 625 3478; x_wconf 81' lang='lat' dir='ltr'><strong>est,</strong></span> <span class='ocrx_word' id='word_1_257' title='bbox 651 3418 683 3466; x_wconf 91' lang='lat' dir='ltr'><strong>ut</strong></span> <span class='ocrx_word' id='word_1_258' title='bbox 705 3413 814 3466; x_wconf 85' lang='lat' dir='ltr'><strong>tandem</strong></span> <span class='ocrx_word' id='word_1_259' title='bbox 832 3412 935 3466; x_wconf 84' lang='lat' dir='ltr'><strong>minore</strong></span> <span class='ocrx_word' id='word_1_260' title='bbox 951 3411 1094 3480; x_wconf 78' lang='lat' dir='ltr'><strong>positarum</strong></span> 
     </span>
     <span class='ocr_line' id='line_1_37' title="bbox 78 3482 549 3558; baseline 0.019 -26"><span class='ocrx_word' id='word_1_261' title='bbox 78 3482 176 3539; x_wconf 72' lang='lat' dir='ltr'><strong>manaa</strong></span> <span class='ocrx_word' id='word_1_262' title='bbox 191 3486 342 3555; x_wconf 83' lang='lat' dir='ltr'><strong>quantitas</strong></span> <span class='ocrx_word' id='word_1_263' title='bbox 360 3486 549 3558; x_wconf 77' lang='lat' dir='ltr'><strong>relinquatur.</strong></span> 
     </span>
    </p>
   </div>
   <div class='ocr_carea' id='block_1_5' title="bbox 0 0 1190 3834">
    <p class='ocr_par' dir='ltr' id='par_1_13' title="bbox 0 0 1190 3834">
     <span class='ocr_line' id='line_1_38' title="bbox 0 0 1190 3834; baseline 0 0"><span class='ocrx_word' id='word_1_264' title='bbox 0 0 1190 3834; x_wconf 95' lang='lat' dir='ltr'><strong> </strong></span> 
     </span>
    </p>
   </div>
  </div>
 </body>
</html>
