2340 3834
104 149 148 215 44
393 94 557 200 einaim
576 141 831 201 communion

108 329 138 386 et
161 343 209 403 oe,
233 346 303 405 ergo
325 323 389 404 ipse
413 326 500 387 erunt
523 325 653 405 equales,
677 343 747 405 ergo
771 322 849 387 lineo
873 333 912 387 or
936 329 982 386 est
1006 326 1117 404 equalis

107 416 183 475 linee
203 418 255 476 ool.
289 416 347 476 seo
365 418 444 477 linea
463 419 507 478 ool
524 419 584 477 fuit
603 417 717 493 equalis
734 416 812 475 linee
831 418 883 490 by,
898 435 968 493 ergo
987 415 1071 476 linea
1083 433 1118 477 or

108 507 153 564 est
176 506 289 581 equalis
312 501 391 566 linee
414 509 461 581 bo.
512 508 553 566 llt
581 507 653 582 quia
676 507 767 565 etiam
790 508 806 565 b
829 509 875 565 est
902 509 1039 564 centrum
1067 506 1116 565 cir·

108 595 168 652 culi
187 600 255 669 yet,
279 597 309 653 et
331 595 368 654 ab
393 615 426 655 eo
450 596 488 653 ad
512 596 768 656 circonferentiam
790 596 851 653 iam
872 596 1026 670 protracte
1055 595 1120 654 suut

81 683 165 742 educ
188 684 265 742 lineo
289 686 327 743 bc
350 687 380 743 et
403 687 455 760 by,
478 705 548 762 ergo
567 686 632 761 ipse
655 686 724 744 sunt
743 685 873 759 equaleS,
895 702 965 760 ergo
984 683 1067 742 linea
1084 684 1118 743 bs

109 776 154 831 est
177 774 292 848 equalis
315 774 392 832 linee
415 775 462 848 by.
509 773 568 833 Sed
590 774 671 832 linea
694 775 734 847 bg
756 773 815 831 fuit
837 772 952 848 equalis
970 772 1050 831 lineo
1069 788 1119 832 os:

109 880 178 937 ergo
202 861 281 920 linea
305 880 347 921 az
370 866 415 921 est
433 863 548 939 equalis
572 862 650 921 linee
673 864 723 935 ὑῆς
747 864 777 920 et
796 861 872 919 illud
890 864 943 936 est,
967 860 1051 936 quod
1073 860 1117 919 de

108 952 273 1008 monstrare
296 951 453 1010 voluimus.

197 1039 270 1097 Post
296 1040 351 1098 hoc
378 1040 499 1115 planius
526 1041 662 1115 loquens,
696 1042 741 1097 est
770 1038 940 1112 ostendens,
973 1037 1120 1114 quomodo

70 1143 96 1180 ro
110 1145 198 1201 super
220 1132 332 1186 rectam
354 1128 464 1187 lineam
486 1129 685 1188 constituatur
707 1128 876 1204 triangulus
899 1127 999 1185 omnia
1027 1127 1121 1186 latero

30 1271 32 1275 Α
109 1216 221 1274 habens
236 1217 360 1292 diuersa,
376 1218 470 1277 ethoc
480 1217 574 1276 tribus
583 1217 687 1292 modis',
702 1235 829 1291 quorum
843 1217 957 1291 primus
967 1217 1022 1291 ost,
1037 1216 1119 1275 nteit

110 1305 188 1362 linea
207 1305 278 1363 data
291 1305 409 1365 brevior
425 1325 485 1364 una
499 1306 624 1364 duarum
637 1306 823 1380 reliquarum
841 1308 871 1362 et
884 1304 1003 1382 longior
1018 1305 1119 1364 altera

199 1393 350 1452 Secundus
374 1414 444 1453 vero
468 1399 521 1469 est,
546 1396 581 1452 ut
603 1395 643 1453 sit
665 1395 744 1452 linea
767 1394 839 1453 data
861 1393 979 1452 brevior
1003 1412 1120 1469 quaque

112 1481 239 1540 duarum
261 1483 454 1557 reliquarum.

71 1593 96 1632 15
200 1571 317 1628 Tertius
341 1591 460 1647 quoque
483 1575 537 1647 ost,
560 1575 594 1629 ut
616 1573 656 1630 sit
678 1572 757 1630 linea
776 1571 846 1630 data
864 1570 980 1647 longior
1005 1589 1123 1647 quoque

112 1658 239 1716 duarum
260 1660 445 1734 reliquarum
467 1662 622 1720 linearum.

200 1747 339 1807 Primus
372 1753 490 1808 autem
522 1741 689 1830 modusl),
728 1767 785 1824 quo
823 1747 1001 1823 ostenditur,
1045 1747 1124 1824 quod

112 1836 191 1893 linea
215 1835 286 1894 dcta
309 1838 349 1896 sit
370 1838 488 1898 brevior
510 1858 570 1896 una
594 1838 719 1896 duarum
746 1838 930 1913 reliquarum
953 1840 983 1894 et
1006 1837 1126 1916 longior

116 3100 220 3173 altera,
244 3102 289 3156 est
311 3097 487 3157 huiusmodi.
534 3098 580 3156 Sit
598 3097 678 3155 linea
697 3095 767 3154 data
787 3097 836 3171 ab,
859 3099 890 3153 et
912 3112 1031 3170 ponam,
1055 3099 1132 3156 uta

75 3201 102 3240 ro
116 3188 155 3245 sit
174 3190 317 3263 centrum,
336 3206 425 3262 supra
444 3186 523 3261 quod
542 3205 609 3244 cum
628 3186 733 3260 spatie,
757 3183 835 3259 quod
855 3187 900 3242 est
916 3183 995 3241 inter
1014 3202 1033 3242 a
1053 3187 1086 3242 et
1105 3186 1132 3258 b,

116 3276 336 3335 circumducam
373 3275 529 3349 circulum,
567 3274 619 3350 qui
655 3275 695 3332 sit
727 3274 853 3332 circulus
886 3273 957 3346 boel.
1012 3271 1132 3331 Ponam

117 3398 329 3413 --—-——

188 3469 202 3516 1
237 3463 318 3518 Hanc
341 3477 451 3530 quoque
473 3460 694 3540 propositionem
717 3459 804 3514 habet
822 3459 946 3513 Procius
965 3464 1030 3526 219,
1049 3465 1131 3529 tuq,

117 3533 166 3588 sed
247 3553 306 3588 orus
324 3550 381 3588 non
399 3534 570 3586 mentionem
588 3531 676 3598 facit..
