2340 3834
389 150 439 204 An
457 148 642 204 nummum
660 150 726 205 nm.
742 151 761 205 1.
918 116 925 127 ’
1035 151 1081 215 49

159 318 192 376 Si
221 318 287 394 quis
314 318 399 378 nobis
426 319 547 394 dixerit,
578 338 669 395 quare
697 319 856 378 Eudamus
884 318 1023 394 probavit
1049 320 1081 376 in

65 409 123 467 hoe
146 408 340 483 theoremate,
363 407 444 483 quod
467 407 524 467 duo
549 409 661 486 engadi,
685 407 736 484 qui
760 410 829 466 sunt
853 407 906 466 sub
923 407 997 483 basi,
1021 407 1080 466 sint

65 497 200 573 equales,
224 515 291 554 oum
312 497 344 554 in
366 496 441 554 libro
466 515 519 556 suo
542 516 601 556 non
624 497 796 556 inveniatur
818 516 872 572 per
893 497 947 555 hos
967 496 1080 573 aliquid

64 585 187 659 fecisse,
219 584 474 660 respondebimus,
507 586 586 661 quod
617 585 681 661 ipse
714 585 801 644 seivit
832 585 919 659 illud,
955 585 987 643 in
1019 605 1079 662 quo

63 674 225 733 dubitatur
255 674 288 732 in
316 676 350 732 7⁰
376 674 559 734 theoremate
592 676 622 732 et
653 674 685 732 in
715 677 756 734 9⁰.
805 674 946 732 Promisit
976 674 1078 750 itaque
1105 685 1119 724 5

64 763 307 838 declarationem,
330 765 364 820 ut
386 783 440 838 per
463 781 529 821 eam
547 764 674 822 solveret
693 763 916 838 dubitationem,
939 764 1078 838 quemad-

64 852 190 911 modum
226 851 397 911 ostendetur
428 852 460 908 in
492 845 575 932 eis.²)
637 851 782 912 Possibile
814 854 915 910 tamen
947 854 1004 928 est,
1045 854 1079 909 ut

64 943 263 1014 monstretur,
289 940 369 1016 quod
391 940 449 999 duo
474 940 589 1018 anguli,
612 941 756 1015 quisunt
780 958 869 1015 supra
891 940 995 1016 basim,
1019 940 1078 998 sint

65 1029 198 1105 equales,
219 1029 329 1104 absque
348 1029 546 1089 ostentatione
565 1029 740 1105 equalitatis
753 1029 879 1086 duorum
893 1029 1077 1105 angulorum,

64 1117 120 1193 qui
149 1121 220 1176 sunt
242 1117 295 1176 sub
318 1118 397 1194 basi,
425 1118 587 1177 seeundum
613 1118 690 1176 huno
716 1108 878 1198 modum.²)
925 1116 991 1175 Sint
1018 1118 1077 1176 duo
1092 1130 1118 1167 1⁰

379 1208 476 1265 latera
498 1208 539 1266 ab
567 1210 597 1264 et
620 1225 662 1280 αα
688 1205 832 1281 trianguli
854 1207 920 1279 uby
947 1206 1078 1280 equalia:

380 1295 445 1354 dieo
463 1295 570 1371 igitur,
593 1295 673 1370 quod
692 1295 821 1370 angulus
840 1296 906 1368 uby
924 1296 969 1352 est
988 1313 1078 1369 equa-

380 1384 417 1442 lis
441 1384 550 1460 angulo
574 1385 646 1457 oob.
682 1382 823 1442 Probatio
843 1383 914 1457 eius,
937 1383 1078 1457 quoniam

381 1473 503 1549 signabo
540 1472 572 1528 in
607 1472 687 1530 linea
724 1473 765 1530 ab
796 1474 942 1547 punctum
979 1472 1011 1540 d,
1048 1475 1078 1530 et

259 1598 260 1601 =
381 1561 484 1620 seoabo
513 1581 548 1619 ex
574 1561 654 1619 linea
678 1578 719 1634 αα
745 1560 856 1618 lineam
878 1579 918 1619 oe
942 1560 1117 1635 equalem15

380 1650 456 1708 linae
476 1652 528 1725 od,
552 1652 582 1707 et
599 1649 774 1725 protraham
792 1649 887 1707 lineas
905 1650 952 1714 de,
967 1650 1015 1723 clo,
1033 1650 1077 1708 eb.

380 1739 420 1796 st
443 1739 514 1814 quia
537 1740 579 1797 bo
602 1742 647 1796 est
670 1737 784 1813 equalis
807 1756 857 1814 αα,
884 1741 914 1796 et
932 1737 1011 1796 linea
1034 1739 1078 1797 od

380 1829 425 1885 est
457 1826 571 1902 equalis
603 1827 680 1885 linae
714 1844 765 1894 oe,
799 1845 868 1903 ergo
896 1827 954 1884 duo
982 1828 1078 1885 latera

380 1911 443 1992 <ab
471 1919 501 1973 et
529 1912 589 1991 oe>
611 1915 756 1991 trianguli
779 1916 840 1973 obe
863 1917 932 1973 sunt
956 1915 1076 1990 equales

322 1989 342 2038 ὂ
380 2003 493 2062 duobus
512 2003 655 2062 lateribus
670 2022 712 2077 αα
731 2005 823 2062 etad
841 2003 986 2080 trianguli
1002 2004 1075 2078 aod,
1091 2014 1117 2053 2⁰

383 2093 590 2168 quodcumque
612 2092 751 2151 videlieet
773 2093 852 2150 latus
876 2111 928 2150 suo
951 2093 1076 2150 relativo

59 2184 110 2238 est
130 2179 248 2255 equale,
268 2183 298 2238 et
316 2181 442 2257 angulus
461 2177 502 2258 <α
520 2184 565 2240 est
584 2181 745 2239 communis
763 2181 894 2255 utrique:
919 2200 953 2238 ex
971 2180 1077 2255 proba-

61 2267 147 2326 tione
167 2287 237 2346 ergo
255 2269 347 2346 figure
371 2273 478 2345 quarte
500 2270 588 2328 huius
610 2269 705 2344 partis
724 2269 781 2327 erit
802 2269 881 2327 basis
903 2270 940 2327 be
963 2269 1076 2345 equalis

61 2356 132 2415 basi
146 2357 197 2430 αα,
212 2360 242 2415 et
257 2359 382 2435 angulus
397 2360 457 2418 oeb
473 2358 586 2433 equalis
596 2359 706 2435 angulo
720 2358 795 2431 ααα,
810 2359 840 2414 et
854 2357 1000 2434 angulus>
1015 2359 1077 2416 aba

62 2445 182 2520 equalis
211 2447 321 2523 angulo
345 2449 418 2521 aod.
465 2445 498 2504 Si
524 2466 594 2523 ergo
622 2447 679 2505 due
702 2446 779 2503 linee
807 2445 928 2521 equales
952 2447 1009 2514 od,
1038 2464 1077 2505 ae
1090 2457 1116 2497 25

62 2533 241 2592 minuantur
264 2555 299 2594 er
321 2535 435 2594 duabus
453 2535 539 2594 lineis
559 2535 712 2610 equalibus
731 2535 772 2593 ab
791 2538 820 2592 et
839 2553 889 2608 αα,
912 2535 1077 2593 remanebit

61 2621 147 2681 linea
170 2624 212 2682 db
235 2624 349 2698 aqualis
372 2625 449 2682 liuee
474 2642 517 2698 ey.
564 2623 622 2682 Sed
643 2624 704 2681 iam
726 2623 784 2680 fuit
807 2625 971 2698 ostensum,
997 2623 1076 2698 quod

62 2710 147 2768 linea
174 2712 211 2770 be
243 2712 357 2787 equalis
387 2714 465 2771 linee
490 2714 548 2787 od,
580 2709 631 2787 <et
661 2711 741 2770 basis
769 2713 808 2770 de
840 2711 1003 2770 eommunis
1031 2714 1076 2770 est

63 2799 199 2874 utrique:
227 2819 263 2858 ex
288 2801 463 2876 probatione
491 2821 561 2879 ergo
588 2800 681 2878 figure
710 2797 837 2877 quarte>
865 2800 922 2858 erit
949 2801 1075 2877 angulus

65 2888 127 2946 edb
157 2888 272 2963 equalis
302 2891 411 2966 angrilo
434 2891 508 2964 deq,
537 2892 567 2948 et
594 2890 720 2965 angulus
743 2890 804 2947 bed
827 2889 942 2963 equalis
966 2889 1116 2965 anguloso

60 2977 136 3050 yde.
194 2975 267 3036 Cum
302 2997 371 3056 ergo
402 2978 595 3037 minuerimus
628 2997 676 3036 eos
709 2997 744 3035 ex
775 2977 888 3035 duobus
921 2977 1074 3052 equalibus

64 3065 186 3142 angulis
209 3067 279 3140 ode,
299 3068 376 3140 qod,
399 3067 563 3126 remanebit
587 3067 713 3144 angulus
736 3067 801 3140 bolo
828 3066 941 3141 equalis
965 3066 1074 3142 angulo

64 3154 134 3226 beo.
181 3152 290 3213 Latera
318 3175 435 3231 quoque
462 3157 542 3230 ipsos
570 3155 752 3215 continentia
777 3155 909 3230 equalia,
937 3155 1074 3230 quodque

63 3241 206 3301 videlicet
233 3262 287 3302 suo
314 3245 439 3304 relativo
468 3245 585 3320 equale,
614 3247 644 3302 et
671 3243 750 3302 basis
778 3246 818 3318 bo
845 3246 890 3302 est
913 3242 1075 3303 communis

140 3450 166 3517 1)
183 3424 307 3502 Paucum
326 3454 386 3517 αα,
406 3455 472 3516 esq.
492 3451 520 3502 et
539 3454 599 3517 248,
618 3455 712 3505 e-rr.

139 3520 165 3585 a)
183 3517 307 3573 Procius
326 3525 387 3588 aaa,
407 3526 545 3587 rea-ale,
566 3526 606 3574 19.

120 3616 206 3658 comm.
220 3617 250 3658 ad
263 3619 353 3660 Euolld.
368 3619 402 3660 ed.
419 3619 526 3660 (luntre.
