2340 3834
102 163 122 227 6
382 160 548 217 ANARITH
565 160 821 216 COMMENTARH

100 332 224 391 tuemur
246 349 312 389 cum
329 330 416 406 linea,
438 331 470 389 in
492 329 613 406 quasit
636 331 756 389 cavitas.
801 331 842 389 Et
869 331 934 391 ideo
962 331 1104 393 diffinivit

101 437 166 479 eam
196 414 407 496 Assmruns¹)
441 419 552 479 dicens:
587 417 698 476 Linea
733 421 833 479 recta
869 425 923 480 est
958 421 1104 483 brevior

99 507 223 582 lineis,
256 526 403 583 quarum
435 508 683 568 extremitates
711 511 795 567 sunt
820 509 950 586 eedem,
983 514 1014 569 ot
1035 512 1105 570 vult

100 594 208 671 dicere,
237 597 316 672 quod
343 597 382 656 sit
407 596 525 656 brevior
550 596 641 671 linea,
670 616 728 671 que
755 597 922 676 coniungit,
950 599 1031 673 quod
1058 604 1105 659 est

73 684 177 743 sinter
194 684 253 743 duo
271 689 391 760 puncta.
434 684 617 745 Mensuratio
635 686 699 744 eius
717 705 776 746 non
794 686 846 746 fiet
863 688 921 746 nisi
939 707 1007 746 cum
1024 689 1104 748 linea

98 776 188 848 recta,
211 774 352 848 quoniam
369 775 434 850 ipsa
451 766 524 855 soila
543 777 588 832 est
606 773 741 850 diffinita,
764 776 819 834 hoc
840 779 892 852 est,
916 776 997 852 quod
1018 777 1104 835 nulla
1123 771 1139 821 8

100 862 227 923 aliarum
256 861 363 923 harum
393 864 543 922 invenitur
574 862 709 922 diffinita.
763 863 908 924 Possibile
944 867 1023 923 enim
1057 869 1105 926 est

99 950 183 1010 nobis
211 952 388 1030 coniungere
414 954 559 1028 punctum
584 955 695 1027 puncto
728 971 796 1011 cum
822 954 908 1013 lineis
941 955 1041 1014 curvis
1073 957 1105 1013 et

98 1039 278 1100 circonflexis
302 1044 332 1100 et
354 1041 532 1116 compositis,
554 1059 683 1116 quorum
704 1042 762 1099 alie
784 1045 855 1100 sunt
876 1044 1004 1102 minores
1027 1044 1105 1119 aliis,

60 1145 86 1184 ιο
100 1128 180 1203 quod
212 1147 326 1204 semper
351 1131 414 1188 fieri
440 1130 580 1205 possibile
612 1133 664 1188 est.
714 1130 873 1190 Euoamas
904 1150 974 1190 vero
1001 1127 1104 1210 <post-

99 1213 210 1294 quam>
233 1217 372 1277 diffinivit
392 1218 502 1276 lineam
525 1221 555 1277 et
577 1219 663 1294 dixit,
688 1219 767 1294 quod
790 1223 835 1278 est
857 1220 1011 1297 longitudo
1040 1222 1105 1280 sine

98 1306 266 1381 latitudine,
289 1306 464 1382 processerit
486 1307 590 1366 deinde
613 1306 650 1365 ad
672 1308 855 1383 loquendum
882 1308 918 1367 de
941 1309 1103 1384 speciebus.

100 1396 218 1471 Species
246 1397 343 1452 antem
370 1395 447 1454 linee
474 1399 544 1456 sunt
570 1400 643 1472 tres,
671 1397 784 1455 scilicet
812 1397 892 1472 quod
919 1416 1022 1456 earum
1045 1399 1105 1458 alic

98 1487 169 1544 sunt
195 1486 286 1557 reate,
313 1484 370 1542 alie
393 1485 575 1560 circonflexe,
603 1486 661 1543 alie
687 1485 782 1543 medie
809 1487 887 1544 inter
908 1489 1003 1546 rectas
1030 1482 1105 1566 (et)

62 1589 87 1630 15
101 1571 300 1647 circonfiexas,
334 1592 391 1648 que
423 1577 505 1649 sunt,
537 1593 571 1633 ac
603 1575 626 1632 si
665 1593 699 1631 ex
731 1575 772 1633 eis
804 1575 902 1633 forent
934 1577 1104 1651 composite.

99 1663 215 1721 Harum
241 1679 323 1738 vero,
351 1682 408 1738 que
436 1665 507 1723 sunt
532 1663 640 1737 medie,
673 1662 801 1738 quedam
830 1667 901 1722 sunt
926 1663 1103 1740 inordinate,

101 1768 193 1826 quam
220 1750 256 1808 ob
282 1769 346 1810 rem
371 1771 431 1811 non
456 1752 590 1828 indigent
612 1752 653 1810 eis
676 1755 837 1828 geometre,
860 1753 938 1810 sicut
960 1753 1105 1813 sectiones

97 1838 287 1917 piramidum,
310 1859 368 1917 que
390 1844 461 1901 sunt
481 1843 607 1900 formate
631 1839 669 1898 ad
691 1841 782 1898 aliam
809 1841 1045 1916 similitudinem,
1074 1845 1105 1901 et

99 1929 156 1988 alie
174 1928 300 2003 infinite3
323 1931 451 2006 quedam
468 1933 546 2005 sunt,
569 1930 677 2005 quibus
701 1932 849 2006 geometra
867 1933 1002 2005 utuntur,
1026 1931 1105 1990 sicut

59 2032 86 2072 ao
99 2019 241 2078 sectiones
255 2019 441 2094 piramidum,
461 2038 518 2094 que
538 2021 608 2077 sunt
626 2019 771 2076 alternate
789 2021 820 2076 et
833 2036 891 2093 que
905 2021 976 2077 sunt
994 2018 1103 2095 addite,

99 2110 209 2183 etque
232 2111 302 2167 sunt
324 2099 510 2184 diminute2),
533 2110 564 2166 et
585 2107 671 2180 linee,
694 2125 751 2181 que
774 2110 846 2165 sunt
872 2104 1048 2185 leulavi⁰(l)‚
1073 2111 1103 2167 et

99 2196 151 2253 alii
163 2197 240 2254 linae
250 2196 352 2272 multe,
365 2198 396 2255 in
406 2196 514 2272 quibus
524 2198 594 2255 sunt
602 2196 696 2253 multe
705 2214 751 2254 res
760 2195 919 2254 mirabiles.
942 2196 1102 2255 Eucnmns

97 2303 180 2360 vero,
213 2286 284 2360 quia
312 2286 397 2344 seivit
428 2285 590 2344 utilitatem
623 2286 653 2342 et
679 2302 848 2343 mensuram
879 2283 1009 2361 prologi,
1041 2303 1101 2343 non

98 2372 238 2433 diffinivit
260 2375 317 2432 nisi
338 2377 450 2432 rectam
472 2375 502 2432 et
524 2372 739 2446 circonfiexam,
767 2390 825 2447 que
853 2375 923 2432 sunt
945 2373 1101 2448 simplices.

59 2473 84 2513 25
185 2455 324 2539 Pnsro³)
349 2480 418 2521 vero
438 2461 577 2521 diffinivit
598 2464 709 2519 rectam
729 2461 838 2519 lineam
856 2461 968 2520 dicens:
991 2460 1103 2520 Linea

97 2553 196 2609 recta
219 2553 285 2625 est,
307 2551 408 2610 cuius
430 2550 583 2608 medium
604 2550 690 2608 duas
713 2550 830 2624 ipsius
853 2551 1101 2611 extremitates

98 2641 267 2715 cooperit.
314 2638 388 2698 Oum
410 2640 488 2698 enim
510 2639 619 2714 aliquis
641 2638 739 2697 fixerit
761 2638 880 2697 oculum
901 2657 990 2714 supra
1008 2659 1103 2698 unum

97 2732 240 2803 punctum
263 2727 388 2786 duarum
414 2728 646 2802 extremitatum,
675 2730 705 2785 et
731 2726 859 2785 voluerit
884 2727 984 2786 videre
1011 2729 1103 2787 aliam

99 2818 322 2892 extremitatem,
346 2819 377 2874 et
397 2817 531 2892 posuerit
552 2817 672 2874 oculum
694 2816 726 2872 in
744 2816 808 2874 loco
826 2817 939 2892 puncti,
963 2817 1102 2893 inveniet,

59 2918 85 2958 ao
99 2905 179 2981 quod
211 2904 298 2979 illud,
334 2905 414 2979 quod
441 2908 486 2965 est
520 2905 551 2962 in
582 2903 692 2980 medio,
728 2906 860 2980 cooperit
886 2906 1103 2964 extremitatem

171 3116 194 3162 1.
210 3111 238 3162 et
251 3109 314 3176 idco
329 3109 375 3164 bis.
392 3141 424 3149 -
444 3115 467 3164 9.
483 3106 559 3181 aliis]
574 3107 632 3163 alii.
653 3141 685 3150 -
705 3115 745 3164 13.
761 3110 829 3181 tres]
844 3108 903 3164 int'.
921 3141 952 3149 -
968 3115 1009 3164 21.
1026 3109 1101 3180 Quid

100 3181 135 3234 sit
152 3197 204 3234 ccx
222 3179 338 3233 leulavi⁰
355 3181 450 3236 nacto.

172 3395 198 3462 1)
225 3392 378 3446 Assmrane
407 3395 449 3447 est
476 3392 562 3447 ctiam
589 3392 769 3446 Aacnmnons.
817 3391 869 3448 cfr.
889 3393 1018 3447 Paocauu
1042 3400 1102 3462 110,

102 3467 213 3588 ὲῗ--ζζ
229 3495 264 3504 -
283 3469 309 3535 2)
322 3464 468 3534 Parabole,
482 3462 651 3534 Hyperbola,
666 3463 788 3533 Ellipeis.
811 3495 842 3504 —
862 3467 889 3533 3)
903 3464 1025 3518 Pnocnus
1042 3470 1102 3534 109,
