2340 3834
97 155 141 220 34
385 154 550 209 ANARITH
569 153 825 210 COMMENTARII

96 327 179 384 recto
203 325 313 401 angulo
337 328 391 383 aut
414 324 510 382 minor
529 342 577 398 eo,
603 343 672 401 ergo
691 342 792 383 omnes
812 322 916 402 anguli
937 323 1014 383 recti
1036 326 1109 384 sunt

99 413 228 489 equales

185 502 248 560 Nec
279 505 379 560 tamon
412 520 511 560 omnes
544 501 647 578 anguli
678 502 799 576 equales
831 504 902 560 sunt
928 500 1018 576 recti,
1048 501 1109 562 nisi

96 590 210 649 fuerint
236 590 274 648 ad
301 590 428 649 invicem
455 609 486 649 se
509 593 672 666 sequentes.
717 589 861 650 Possibile
885 591 963 648 enim
986 591 1109 666 equales

72 681 226 756 sangulos
251 698 313 738 esse
337 698 480 755 expansos
503 682 533 737 et
556 681 668 739 acutos.
713 678 776 738 Nec
799 679 889 737 etiam
911 697 1030 740 necesse
1052 683 1109 755 est,

96 771 133 826 ut
156 786 256 828 omnes
280 768 395 845 auguli,
418 768 470 844 qui
493 771 562 827 sunt
585 769 705 843 equales
728 769 831 844 rectis,
854 768 915 827 sint
936 769 1025 845 recti,
1047 767 1109 828 nisi

96 857 153 916 hoc
189 858 276 916 modo
312 860 411 916 rectus
449 876 500 915 an-

97 947 187 1023 gulus
218 946 374 1022 impositus
408 947 501 1005 fuerit

98 1035 234 1109 arcubus,
247 1034 317 1110 quia
326 1035 500 1110 provenient

59 1139 85 1178 ro
99 1124 211 1200 anguli,
231 1142 305 1199 quos
319 1143 405 1183 arcus
422 1143 499 1181 com-

96 1214 292 1288 prehendunt,
313 1213 386 1271 recti
404 1214 499 1271 trans·

120 1294 308 1378 sumptive.²)
342 1300 478 1376 Exempli

99 1383 221 1471 causal)
251 1391 381 1465 ponatur
408 1408 501 1466 angu-

98 1480 145 1538 lus
167 1482 274 1551 rectuS,
299 1496 391 1553 supra
414 1498 501 1554 quem
581 1532 586 1551 ,

59 1581 85 1621 15
99 1566 159 1627 sint
191 1586 222 1636 c,
251 1568 281 1643 b,
306 1584 334 1640 9.
387 1567 501 1626 Ponam
554 1580 583 1630 s(

98 1657 201 1731 itaque
215 1655 290 1714 duas
309 1658 396 1714 notas
414 1675 502 1730 super

98 1745 173 1803 duas
195 1743 289 1803 lineas
312 1745 349 1802 cl>
372 1745 403 1802 et
425 1745 473 1818 by,
502 1762 629 1820 quarum
651 1743 763 1818 spatia,
791 1762 848 1819 que
872 1742 932 1801 sint
954 1742 1034 1801 inter
1058 1763 1111 1805 aas

99 1834 129 1890 et
147 1834 172 1900 b,
197 1832 257 1892 sint
275 1831 402 1908 equalis,
426 1852 484 1907 que
504 1833 563 1892 sint
580 1835 693 1908 puncta
711 1834 730 1891 d
749 1834 779 1890 et
797 1850 820 1906 c,
840 1835 869 1890 et
888 1831 1110 1891 circumducam

99 1939 188 1997 supra
211 1921 270 1980 duo
294 1923 396 1979 centra
419 1938 433 1979 c
456 1924 485 1979 et
508 1923 527 1980 d
550 1921 712 1980 secundum
735 1921 833 1996 spatia
856 1939 913 1995 que
937 1924 1008 1979 sunt
1028 1921 1111 1980 inter

60 2025 86 2064 so
99 2011 131 2078 ol,
156 2012 172 2068 b
195 2013 226 2068 et
249 2011 278 2086 b,
302 2027 328 2078 c,
356 2010 429 2069 duos
455 2009 667 2083 semicirculos,
695 2009 748 2083 qui
770 2010 830 2069 sint
852 2007 1031 2068 semicirculi
1055 2011 1110 2070 aab

99 2101 130 2156 et
152 2100 205 2172 oq.
250 2098 317 2156 Erit
345 2116 414 2174 ergo
442 2099 568 2174 angulus
591 2100 645 2157 aba
672 2097 785 2173 equalis
813 2098 921 2174 angulo
947 2099 1009 2171 aot,
1039 2117 1110 2157 cum

99 2187 177 2245 enim
213 2186 390 2245 semicirculi
425 2187 537 2245 fuerint
573 2187 705 2261 equales,
742 2186 846 2264 anguli
882 2205 984 2244 eorum
1018 2189 1111 2246 erunt

99 2277 227 2352 equales.
268 2275 382 2333 Ponam
405 2294 474 2351 ergo
498 2277 641 2352 angulum
664 2277 713 2334 cbt
735 2293 931 2333 communem:
955 2275 1012 2333 erit
1035 2295 1109 2354 ergo

39 2400 42 2404 -
100 2365 227 2442 angulus
250 2366 333 2423 totus
356 2364 421 2422 ccbt
443 2365 558 2439 equalis
581 2364 692 2441 angulo
716 2364 779 2437 uby.
822 2362 878 2420 Sed
903 2363 1029 2440 angulus
1052 2366 1110 2440 abc

59 2465 86 2506 as
100 2456 145 2512 est
176 2455 287 2512 rectus:
325 2471 394 2528 ergo
426 2454 553 2530 angulus
586 2455 662 2521 ocbt,
699 2452 750 2527 qui
788 2455 833 2510 est
864 2443 1025 2528 lunarisl),
1064 2457 1111 2512 ess

100 2542 215 2617 equalis
238 2541 347 2618 angulo
370 2544 458 2600 recto.

187 2629 271 2688 Dixit
293 2629 463 2688 ducamus:
492 2629 574 2704 Quod
600 2631 627 2688 si
653 2633 730 2688 rcctc
757 2629 834 2688 ttacc
861 2630 992 2688 ceciderit
1013 2647 1110 2704 supra

100 2721 176 2778 duos
197 2722 289 2777 rectas
312 2719 412 2787 tracas,
436 2723 462 2777 ct
483 2720 593 2791 fuerint
615 2720 671 2777 dac
695 2719 803 2791 coycti,
826 2719 876 2791 qut
897 2722 966 2776 susat
988 2719 1025 2777 cb
1043 2737 1109 2780 ccicc

94 2812 194 2882 parte,
225 2809 350 2866 mances
382 2809 492 2866 duobus
517 2809 614 2876 rectio,
646 2809 694 2866 tlte
720 2807 776 2865 dac
803 2808 876 2865 llaec
897 2811 1043 2880 protracte
1073 2826 1111 2868 cc

60 2909 87 2949 ao
98 2900 195 2971 parte,
217 2898 250 2954 ta
272 2912 330 2968 qua
352 2900 421 2954 caat
441 2898 485 2955 tut
507 2897 564 2955 olco
588 2897 702 2969 occult,
726 2899 900 2954 ccacarreat.

189 2983 285 3059 Supra
306 2984 361 3042 hoo
385 2983 626 3044 Sarmamcams:
653 2983 716 3042 Hec
741 2984 928 3059 petitiones
951 2983 1038 3042 valde
1062 2989 1113 3045 est

102 3073 267 3147 manifesta,
290 3072 355 3132 ideo
373 3075 570 3133 necessarium
588 3073 654 3147 fuit,
674 3075 709 3130 ut
725 3072 811 3131 lineis
830 3072 1004 3148 declaretur,
1027 3074 1109 3148 quod

173 3314 202 3381 1)
233 3312 335 3366 Parrus
369 3311 444 3380 apud
477 3311 606 3365 Paocmm
639 3317 702 3379 189,
732 3318 763 3366 11
778 3330 817 3380 sq.
850 3344 885 3352 —
917 3316 947 3382 2)
980 3312 1111 3367 Procius

102 3388 167 3452 189,
196 3389 228 3436 21
245 3400 301 3452 sq,
334 3382 382 3450 qui
415 3381 501 3436 etiam
533 3382 733 3452 descriptiones
766 3382 931 3452 angulorum
960 3386 1108 3438 acutorum

102 3453 324 3580 {goolgtusomm
356 3453 536 3508 demonstrat.
569 3485 603 3494 -
636 3456 662 3524 3)
694 3453 848 3523 μονοειδής.
894 3453 948 3509 cfr.
975 3455 1112 3510 Procnen

160 3568 166 3594 ,
205 3568 210 3580 .
