2340 3834
380 145 430 200 AD
448 143 632 200 nuculuuu
649 144 716 198 LIB.
728 144 751 199 Ι.
1046 145 1064 208 7

57 316 161 389 atium,
185 332 244 389 que
267 315 312 373 est
333 317 402 389 post
423 315 530 389 ipsum
574 313 637 372 Hac
659 316 767 372 autem<
778 311 917 371 diffinitio
935 314 1000 372 loco
1023 315 1067 372 in·

61 403 136 462 dicis
157 404 265 478 posia,
289 402 401 462 scilicet
423 402 504 478 quod
526 421 585 461 non
602 402 677 476 ideo,
700 402 771 477 quia
788 401 919 460 medium
937 403 1068 477 cooperit

65 491 138 554 dum
166 492 380 567 extremitates,
408 494 453 550 est
478 491 558 549 linea
584 493 678 565 recta,
706 489 757 550 sed
784 491 855 565 quia
881 491 961 549 linea
987 494 1068 550 reeta

66 583 117 656 est,
135 581 200 638 ideo
213 580 346 638 medium
363 581 495 655 cooperit
512 580 586 639 duas
603 580 812 655 extremitates,
832 579 912 654 quod
930 580 975 639 est
992 580 1069 656 ideo,

63 668 143 744 quod
164 670 247 728 visus
269 670 379 728 transit
400 669 562 728 secundum
582 668 799 727 rectitudinem.
1094 680 1108 720 s

148 757 223 815 Anu
244 776 314 816 vero
337 757 521 816 diffinierunt
543 775 608 815 eam
631 749 806 833 dieentes²):
835 755 947 815 Linea
969 760 1069 816 recta

60 849 117 906 est
149 847 250 906 euius
283 845 445 921 quelibet
475 849 596 921 partes
626 844 795 921 possibile
829 846 883 904 est
914 847 1069 921 supponi

59 934 228 1010 partibus
251 935 418 1010 undique.
463 934 528 992 Hoc
555 937 612 1009 est,
636 935 715 1010 quod
741 936 841 1009 partes
869 934 970 992 circuli
998 935 1069 992 licet

59 1026 269 1099 supponentur
286 1024 343 1081 alie
358 1024 433 1098 adiis,
451 1043 511 1082 non
524 1026 625 1081 tamen
642 1042 732 1098 super
749 1025 894 1098 punctum
912 1026 942 1080 et
955 1023 1069 1099 ubique

60 1115 92 1170 et
114 1113 141 1171 si
162 1115 295 1187 ponatur
316 1113 444 1171 curvitas
467 1112 631 1170 extrinseca
652 1113 740 1171 unius
767 1111 861 1186 partis
889 1113 951 1170 eius
978 1131 1069 1187 super
1082 1127 1108 1166 10

57 1201 241 1260 curvitatem
268 1201 460 1260 extrinsecam
488 1201 608 1260 alterius
635 1201 730 1276 partis
757 1199 863 1275 ipsine,
896 1201 1069 1278 contingent

58 1308 93 1349 se
115 1290 148 1347 in
170 1309 230 1349 uno
253 1293 377 1365 puncto,
404 1290 482 1348 sieut
508 1289 611 1348 circuli
633 1308 664 1348 se
687 1289 859 1366 contingent
886 1291 916 1347 et
938 1306 998 1346 non
1020 1308 1067 1349 co·

59 1378 205 1454 operient.
243 1377 275 1435 si
293 1380 394 1436 autem
411 1378 571 1437 intrinseca
589 1378 718 1437 curvitas
741 1379 898 1436 intrinsece
921 1379 1068 1437 curvitate

59 1465 209 1525 obviando
232 1465 416 1543 adiungatur
442 1485 501 1524 non
527 1466 764 1542 superponendo,
791 1466 976 1544 contingeret
1003 1485 1068 1524 eam

58 1556 93 1612 in
116 1554 230 1613 duobus
252 1555 380 1631 punctis,
403 1558 434 1613 et
455 1574 514 1613 non
538 1557 706 1631 cooperient
729 1574 767 1614 se.
1082 1567 1107 1608 15

149 1643 222 1701 Anu
263 1646 362 1702 autem
403 1643 585 1702 diffinierunt
629 1663 694 1702 eam
735 1635 910 1724 diceutes²):
955 1641 1067 1702 Linea

57 1735 160 1791 recta
178 1735 245 1805 est,
265 1751 346 1809 que,
365 1750 443 1790 cum
457 1732 522 1791 due
540 1733 656 1808 ipsius
671 1733 933 1806 extremitates,
946 1733 1066 1809 figun-

57 1824 132 1896 tur,
163 1821 296 1898 figitur
326 1824 361 1879 et
391 1840 460 1881 non
490 1825 654 1880 movetur
684 1840 703 1879 a
736 1839 798 1880 suc
829 1824 940 1896 motu,
973 1822 1069 1880 sicut

55 1901 243 1990 meguar.⁸)
270 1909 361 1969 Lines
375 1911 453 1968 enim
467 1909 645 1986 circonflexe,
663 1910 734 1968 licet
751 1928 853 1968 earum
867 1910 1068 1968 extremitates

55 1999 139 2058 sicut
159 1999 223 2074 poli
240 1997 380 2075 figantur,
402 2017 462 2057 non
479 2002 600 2075 propter
617 1999 673 2057 hoc
690 2002 789 2056 tamen
809 2000 972 2072 remanent,
994 1998 1068 2072 quin
1082 2013 1109 2053 so

57 2090 239 2146 moveantur
261 2087 296 2145 de
318 2088 383 2147 loco
407 2087 445 2144 ad
467 2088 573 2162 locum,
601 2088 678 2146 sicut
699 2087 840 2146 medietas
869 2087 983 2161 circuli,
1011 2106 1068 2162 que

56 2178 107 2234 est
127 2176 206 2234 inter
229 2174 301 2235 duos
323 2177 417 2251 polos.
463 2174 495 2233 Si
517 2175 587 2234 licet
607 2176 813 2253 ymaginemus
830 2175 939 2234 lineam
956 2178 1068 2233 rectam

55 2263 200 2322 mobilem
222 2263 337 2324 duabus
364 2265 426 2324 suis
454 2264 689 2323 extremitatibus
716 2264 793 2338 fixis,
821 2266 1003 2322 nontamen
1032 2263 1068 2322 de

56 2354 125 2414 loco
157 2372 211 2412 suo
238 2356 414 2412 moveretur.
468 2353 596 2428 Ideoque
627 2370 691 2410 anu
722 2352 904 2431 diffinierunt
930 2371 996 2410 eam
1025 2352 1067 2409 di·

56 2444 173 2501 centes:
200 2441 312 2500 11111
338 2445 438 2500 recta
466 2445 531 2517 est,
559 2460 776 2517 quecumque
804 2435 951 2518 (super)
979 2441 1067 2500 duas
1082 2453 1107 2494 25

56 2531 176 2605 ipsius
204 2531 453 2588 extremitates
482 2532 606 2588 rotata
633 2548 701 2587 non
727 2532 891 2588 movetur
922 2528 962 2587 de
988 2531 1067 2588 loco

55 2637 120 2678 suo
145 2619 188 2676 11
216 2619 327 2676 aliurn
352 2618 476 2678 locum.
528 2617 758 2677 Oirconferentia
784 2636 854 2676 vero
881 2618 985 2676 circuli
1012 2619 1068 2677 etsi

57 2711 214 2766 moveatur
236 2726 326 2782 super
347 2726 438 2765 unam
461 2725 583 2766 suarum
606 2708 834 2779 extremitatum,
857 2725 916 2781 que
939 2709 984 2766 est
1002 2725 1067 2765 cen·

56 2799 153 2871 trum,
182 2815 243 2854 nou
273 2798 374 2854 tamen
404 2795 573 2854 movebitur
590 2795 634 2853 de
663 2796 727 2854 loco
755 2795 793 2853 11
819 2796 931 2867 locum,
964 2795 1015 2854 sed
1042 2796 1068 2854 si

56 2888 214 2944 moveatur
236 2902 324 2959 super
342 2883 400 2944 duo
416 2888 537 2959 puncta,
560 2885 638 2943 sicut
656 2902 745 2959 super
763 2884 835 2942 duos
853 2885 945 2959 polos,
968 2901 1065 2942 move·
1080 2897 1107 2936 eo

56 2972 140 3031 bitur
163 2972 287 3031 deloco
311 2992 373 3032 suo.
419 2971 545 3049 Oportet
566 2991 619 3032 uos
642 2973 745 3048 itaque
773 2973 859 3046 scire,
887 2972 968 3048 quod
990 2971 1066 3029 diffi-

55 3062 132 3121 nitio
159 3063 237 3120 linae
264 3065 351 3137 recte,
379 3080 470 3136 quam
496 3062 656 3121 Eucniuus
687 3061 781 3135 dedit,
812 3061 930 3119 brevior
961 3063 1006 3119 est
1037 3064 1068 3120 et

129 3219 206 3268 1-2.
225 3213 285 3266 Hoc
307 3213 402 3266 autem
416 3211 519 3265 diffinit
537 3211 599 3268 loco
617 3210 718 3265 indicis
736 3210 867 3280 positum.
887 3242 920 3251 -
940 3217 965 3264 2.
984 3210 1063 3283 quia]

56 3284 141 3352 quod.
162 3316 195 3324 -
216 3289 238 3338 7.
259 3282 371 3355 cuiusqp
388 3285 490 3352 partes.
511 3282 822 3351 -14.adiungentur.

130 3445 156 3512 1)
178 3444 302 3497 Paocuus
327 3447 390 3510 110,
410 3447 522 3495 20-21.
550 3472 585 3480 —
613 3446 639 3511 2)
662 3441 784 3495 Paccius
809 3447 871 3509 110,
892 3447 1004 3495 21-22.
1032 3460 1068 3482 -’

57 3519 84 3586 3)
103 3514 222 3586 Meguar
238 3512 359 3568 Arabica
378 3514 420 3567 est
439 3511 506 3566 axis.
