2340 3834
99 108 140 172 72
385 109 549 164 ANARITII
568 108 825 166 COMMENTARH

96 278 207 336 lineam
229 295 286 336 mc
308 277 347 335 ad
368 281 511 353 punctum
534 297 558 353 q.
602 278 677 338 Sunt
700 298 769 356 crgo
791 279 849 338 duo
868 279 965 338 latera
983 277 1147 338 duorum

97 366 318 443 triangulorum
353 384 440 442 rma,
472 385 535 441 usq
567 368 699 443 equalis,
735 367 847 427 scilicet
878 368 958 426 latus
990 383 1031 427 ra
1061 360 1124 426 θεέ

99 455 204 530 equale
226 455 315 513 lateri
337 473 386 530 cs,
410 459 440 515 et
462 457 589 533 angulus
611 475 688 517 zum
710 458 755 515 est
774 456 888 532 equalis
907 456 1017 532 angulo
1037 471 1111 530 qua,

99 544 178 619 quod
206 544 339 619 sequitur
366 565 401 602 ex
427 545 603 621 probatione
630 545 724 622 figure
751 547 813 605 15⁰.
863 544 921 603 Sed
948 544 1107 604 secundum

71 632 304 713 oprobationem
335 633 428 711 figure
463 634 559 709 posite
592 634 752 693 secundum
782 634 959 710 petitionem
987 632 1103 693 Assius

99 722 155 780 erit
178 722 305 799 angulus
326 740 401 782 maa
425 722 538 798 equalis
561 724 670 800 angulo
693 741 770 798 resq,
794 723 935 800 quoniam
957 723 1016 798 ipsi
1040 723 1103 781 sunt

98 810 251 869 coaltemi.
298 809 464 869 Secundum
491 831 561 889 crgo
589 812 796 888 probationem
822 811 916 889 figure
940 813 994 870 26Θ
1023 811 1107 869 erunt

98 899 213 975 reliqua
235 899 331 957 latera
354 901 473 975 aqualia
495 901 617 976 reliquis
636 901 787 979 lateribus,
812 900 950 976 quodque
970 899 1108 960 videlicet

99 1007 153 1047 suo
176 987 301 1047 relativo
326 989 440 1064 equale,
463 991 493 1048 et
514 990 646 1065 reliquus
670 991 795 1067 angulus
819 990 877 1048 crit
900 989 1016 1065 equalis
1040 988 1108 1047 reli·

59 1092 158 1152 loquo
181 1077 304 1154 angulo:
327 1097 397 1155 ergo
421 1079 502 1136 latus
523 1096 574 1138 am
597 1082 642 1137 cst
665 1079 771 1154 equale
794 1079 882 1136 lateri
905 1096 950 1154 sq,
975 1080 1005 1136 et
1028 1078 1110 1136 latus

98 1184 153 1224 ccc
180 1168 226 1224 est
253 1166 357 1241 equale
385 1167 474 1225 lateri
500 1185 556 1242 aq,
588 1162 640 1245 <et
668 1166 796 1245 angulus
822 1185 898 1227 rma
925 1168 970 1225 cst
1002 1166 1112 1242 equale

99 1255 213 1331 angulo
232 1273 302 1328 uqa
349 1254 390 1312 Et
413 1256 438 1313 si
460 1256 622 1331 producam
645 1256 755 1314 lineam
777 1274 815 1330 sq
833 1274 927 1332 usque
946 1254 985 1313 ad
1003 1254 1114 1315 sectio·

99 1362 166 1401 nem
188 1343 266 1401 linee
289 1344 341 1417 ab,
369 1343 427 1402 erit
448 1344 529 1403 latus
552 1345 593 1419 qb
616 1346 722 1420 equale
744 1344 832 1403 lateri
854 1343 940 1421 ma),
968 1343 1116 1419 quoniam

100 1435 145 1490 est
181 1433 208 1490 ei
241 1432 409 1507 oppositum
440 1433 472 1490 in
503 1433 655 1509 superficie
688 1433 936 1509 equidistantium
967 1432 1118 1490 laterum:

60 1535 85 1575 15
100 1539 169 1597 ergo
197 1520 277 1578 linea
303 1521 342 1579 sb
369 1525 414 1580 est
441 1522 532 1598 dupla
558 1523 635 1580 linee
662 1540 722 1582 am.
768 1521 800 1579 Si
823 1541 892 1598 ergo
915 1521 1118 1597 protrahatur

100 1629 118 1668 a
140 1612 251 1684 puncto
275 1627 289 1664 c
311 1609 391 1668 linea
414 1610 598 1686 equidistans
621 1611 708 1669 lineis
731 1629 766 1670 er
789 1612 818 1669 et
840 1612 887 1685 ba,
911 1613 941 1669 et
963 1609 1117 1684 produca-

99 1703 150 1757 tur
181 1716 270 1773 supra
301 1702 445 1773 punctum
471 1719 495 1773 p
527 1700 607 1758 linea
633 1717 677 1773 ps
710 1699 870 1758 secundum
899 1698 1118 1757 rectitudinem

101 1787 284 1863 equidistans
311 1789 365 1864 ub,
394 1791 424 1846 et
451 1791 607 1847 concurrat
634 1788 710 1846 linea
737 1790 886 1863 protracte
915 1806 933 1846 a
959 1790 1073 1862 puncto
1100 1805 1119 1846 c

100 1875 293 1952 eqnidistanti
316 1876 393 1935 linee
417 1895 464 1952 er,
487 1878 680 1936 manifestum
703 1880 755 1954 est,
779 1876 860 1952 quod
881 1875 948 1951 ipsa
970 1879 1056 1934 secat
1078 1894 1118 1935 ex

61 1978 137 2023 acea
159 1964 269 2022 lineam
293 1966 428 2040 equalem
450 1966 527 2024 linee
549 1984 597 2040 ap.
638 1965 816 2024 Protraham
835 1984 905 2042 ergo
924 1965 1030 2042 ipsam,
1055 1983 1118 2040 que

102 2053 141 2111 sit
163 2053 243 2111 linea
266 2055 311 2126 cf:
335 2073 405 2131 ergo
429 2054 509 2112 linea
530 2056 564 2127 fc
587 2057 632 2113 est
655 2055 769 2129 equalis
792 2054 869 2112 linco
886 2071 943 2129 pa,
968 2054 1118 2128 quoniam

102 2159 136 2201 cs
159 2145 204 2200 est
222 2142 337 2217 equalis
355 2160 398 2218 sc,
418 2145 448 2200 et
466 2144 592 2220 angulus
611 2143 748 2218 partialis
767 2161 782 2201 s
802 2144 847 2201 est
865 2142 979 2217 equalis
998 2143 1118 2219 angulo

102 2232 167 2304 θεῖ,
199 2233 229 2289 et
256 2231 382 2308 angulus
408 2233 462 2304 fos
490 2235 535 2290 est
562 2231 676 2307 equalis
704 2232 813 2308 angulo
836 2248 912 2306 pra,
943 2230 1015 2306 quia
1044 2234 1119 2290 sunt

102 2319 253 2378 ooalterni.
307 2320 387 2397 Ergo
420 2320 580 2378 secundum
609 2318 815 2396 probationem
846 2318 939 2396 figure
972 2318 1119 2378 vicesimo

63 2421 87 2461 25
103 2411 206 2468 octava
229 2411 299 2467 sunt
320 2408 416 2466 latera
438 2410 480 2484 fc,
502 2427 542 2482 ap
562 2408 688 2485 equalia.
730 2408 788 2467 Sed
805 2426 845 2481 ap
864 2410 910 2466 est
929 2407 1047 2482 equalis
1061 2426 1119 2485 pc,

103 2516 172 2574 ergo
195 2497 275 2555 linea
297 2497 332 2568 fc
354 2500 399 2555 est
418 2497 531 2572 equalis
545 2516 598 2572 pe,
622 2516 691 2574 ergo
710 2496 789 2555 linea
808 2498 849 2555 ab
868 2495 1017 2554 concurrit
1035 2496 1119 2556 linae

101 2603 137 2645 ae
159 2586 191 2643 in
214 2586 324 2660 puncto
347 2602 374 2659 c,
403 2585 483 2660 quod
504 2587 651 2661 sequitur,
676 2584 836 2644 secundum
858 2584 939 2660 quod
962 2584 1120 2644 ordinavit

102 2675 223 2733 Aonius
250 2673 283 2730 in
309 2672 484 2747 probatione
511 2674 618 2751 figure,
646 2694 703 2750 que
731 2676 789 2732 est:
817 2673 939 2748 „Linea
963 2692 1021 2748 que
1046 2691 1118 2734 con-

101 2763 275 2839 iunguntur,
298 2760 378 2836 quod
401 2766 446 2820 cst
468 2763 546 2822 inter
568 2763 770 2822 extremitates
792 2762 939 2820 linearum
960 2762 1119 2837 equalium

63 2867 88 2906 oo
103 2855 133 2910 et
164 2849 423 2926 equidistantium,
453 2854 522 2909 sunt
545 2852 650 2927 equale
673 2854 718 2910 set
746 2848 986 2926 equidistantcs.“
1033 2851 1118 2928 Ergo

103 2943 255 2998 ostensum
278 2941 332 3013 cst,
354 2940 433 3014 quod
456 2939 482 2998 si
504 2940 584 2999 linea
606 2942 688 2999 recta
711 2939 799 2999 cadat
817 2958 905 3014 super
923 2939 997 2998 duas
1015 2943 1116 2999 rectas

103 3029 206 3102 lineas,
230 3030 260 3085 et
282 3028 396 3086 fuerint
417 3028 475 3087 duo
499 3029 602 3105 anguli
624 3028 785 3104 intrinseci,
809 3028 861 3104 qui
883 3031 954 3086 sunt
976 3029 1008 3086 in
1025 3031 1116 3103 parte

103 3136 176 3189 una,
199 3116 326 3175 minores
350 3117 463 3176 duobus
485 3118 574 3176 rectis
598 3118 728 3194 angulis,
753 3119 929 3175 concurrant
951 3113 1004 3194 <in
1026 3120 1115 3192 parta

104 3206 231 3265 duorum
249 3201 458 3284 angulorum>3
483 3209 513 3264 et
530 3207 605 3264 illud
623 3209 676 3281 est,
699 3205 779 3281 quod
797 3206 998 3265 demonstrare
1016 3205 1114 3265 uolui·

64 3309 89 3349 os
103 3314 179 3353 mus.
229 3292 349 3369 Quoque
382 3294 461 3353 dicta
493 3299 562 3354 sunt
588 3295 620 3353 in
647 3295 703 3353 hac
729 3294 824 3371 figura
852 3297 883 3353 et
908 3293 940 3352 in
968 3294 1023 3370 eis,
1054 3313 1115 3369 que

165 3488 208 3537 33,
232 3483 304 3556 una]
321 3481 441 3537 ducrum
460 3481 628 3553 angulorum
647 3480 788 3551 quisunt.
