2340 3834
98 169 162 234 348
384 168 549 224 ANARITII
567 166 823 223 COMMENTARH

98 340 142 398 ule
165 341 210 398 est
231 338 316 397 radix
341 339 413 413 108,
436 341 467 396 et
490 337 657 413 superficies
678 337 724 396 hd
744 338 789 395 est
807 334 894 395 radix
913 337 967 411 12,
989 338 1020 394 et
1036 354 1099 394 una-

98 447 215 502 queque
238 427 363 485 duarum
385 426 605 501 superficierum
625 426 668 500 yle
690 427 720 484 et
742 426 785 484 led
808 428 854 484 est
879 428 897 485 6
917 443 955 483 ex
973 425 1103 484 numeris.

97 516 150 574 Hii
174 533 292 590 quoque
315 515 431 574 numeri
453 515 591 574 similiter
613 514 720 574 cadent
741 514 775 573 in
795 513 894 592 figura
912 532 1020 588 quom.
1054 514 1104 572 fist

99 624 169 681 ergo
202 604 370 680 superficies
400 621 438 678 qc
466 604 579 680 equalis
606 602 771 679 superficiei
798 604 851 680 tp,
884 606 914 662 et
943 602 1103 679 superficies

72 695 143 751 cml
175 697 220 752 est
250 692 335 752 radix
368 695 422 770 12,
455 696 485 751 et
516 692 684 769 superficies
717 693 753 751 lo
783 696 829 751 est
854 692 943 750 radix
973 693 1049 767 108,
1078 693 1103 750 et

97 781 329 858 unumquodque
370 782 495 841 duorum
536 783 807 858 supplementorum
842 784 888 840 est
925 783 960 854 63
1002 784 1034 840 et
1067 798 1104 854 qa

98 874 198 947 potest
225 889 315 947 supra
342 889 392 945 ρο,
420 871 472 930 sed
499 889 537 944 qc
564 872 609 929 est
632 870 746 946 equalis
769 873 822 946 op:
849 889 920 946 ergo
945 889 990 943 qn
1012 871 1104 946 potest

99 979 189 1037 supra
216 962 263 1035 by.
310 958 368 1019 Sed
396 978 436 1020 aa
463 959 662 1020 communicat
687 961 729 1021 ad
754 959 787 1018 in
809 959 1013 1037 longitudine:
1040 975 1103 1036 ergo

98 1052 144 1109 ad
165 1049 363 1108 communicat
384 1048 542 1125 unicuique
566 1048 691 1107 duarum
709 1049 872 1108 sectionum
890 1066 940 1123 aa,
963 1050 1012 1109 ad.
1053 1045 1102 1104 Sed

60 1151 85 1190 1⁰
100 1140 145 1197 od
177 1141 222 1197 est
252 1138 410 1197 rationalis
441 1138 473 1196 in
504 1138 640 1213 potentia
672 1141 703 1197 et
729 1137 983 1197 incommunicans
1011 1136 1102 1196 abin

98 1227 297 1304 longitudine:
334 1245 404 1304 ergo
440 1245 618 1303 unaqueque
649 1226 774 1285 duarum
806 1225 1029 1302 superficierum
1058 1224 1100 1296 at,

98 1316 142 1374 td
169 1319 214 1375 est
239 1315 384 1374 medialis.
409 1310 413 1392 1
437 1315 505 1391 Ipse
532 1334 603 1375 vero
630 1318 699 1373 sunt
726 1315 844 1392 equales
870 1314 986 1373 duabus
1011 1331 1100 1390 super
1113 1309 1134 1359 sl

98 1404 219 1464 ficiebus
246 1406 292 1463 ml
319 1407 349 1462 et
372 1405 421 1462 ul:
450 1422 520 1481 ergo
543 1405 600 1462 due
623 1404 790 1480 superficies
812 1405 871 1479 ml,
898 1405 936 1462 nl
960 1406 1030 1462 sunt
1050 1421 1099 1460 me-

99 1493 200 1553 diales.
252 1491 309 1551 Sed
341 1494 405 1568 ipso
435 1496 505 1551 sunt
533 1493 590 1551 duo
618 1493 764 1568 quadrata
791 1493 835 1567 qf,
867 1494 919 1565 fa:
954 1510 1026 1569 ergo
1052 1491 1099 1549 duo

61 1593 85 1634 1⁵
101 1584 248 1658 quadrata
271 1583 315 1657 qf,
339 1583 379 1655 fu
402 1585 471 1640 sunt
493 1581 634 1640 medialia
656 1583 686 1640 et
709 1582 967 1640 communicantia.
1015 1578 1100 1640 Simili

101 1689 217 1747 quoque
250 1670 403 1728 ostendam
435 1670 537 1745 modo,
569 1670 648 1746 quod
679 1672 720 1744 qf
745 1670 979 1728 incommunicat
1009 1671 1048 1743 fc
1075 1668 1098 1724 in

100 1759 293 1836 longitudine,
339 1757 379 1815 Et
406 1759 496 1817 etiam
519 1761 559 1818 de
581 1760 778 1819 communicat
801 1776 838 1833 ey
860 1759 891 1816 in
914 1758 1098 1835 longitndine,

101 1866 171 1924 ergo
205 1849 249 1920 pd
286 1847 483 1905 communicat
519 1849 558 1907 de
589 1848 620 1905 in
652 1847 845 1925 longitudine.
901 1846 960 1906 Sed
993 1848 1035 1922 dp
1064 1845 1097 1903 est

100 1935 255 1994 rationalis
288 1939 319 1994 et
346 1936 413 2012 ipsa
440 1937 637 1995 communicat
664 1938 705 1995 ab
732 1938 764 1993 in
791 1936 992 2012 longitudine,
1025 1938 1053 1993 et
1075 1937 1097 1990 lc

62 2038 88 2078 ao
102 2028 147 2083 est
178 2025 332 2083 rationalis
366 2027 395 2082 et
423 2028 467 2084 est
494 2026 609 2101 equalis
636 2026 681 2098 ql:
714 2043 785 2103 ergo
812 2026 845 2098 ql
873 2028 918 2085 est
945 2021 1094 2083 rationalis.

103 2113 160 2173 Sed
187 2115 253 2190 ipsa
280 2108 368 2192 <est>
390 2115 558 2190 superficies
581 2116 622 2188 qf
639 2114 670 2172 in
692 2116 745 2187 fot
773 2133 843 2191 ergo
866 2115 908 2188 qf
926 2116 957 2171 et
978 2115 1019 2187 fo
1039 2111 1095 2171 sunt

101 2204 241 2263 mediales
274 2206 304 2261 et
334 2204 366 2260 in
398 2203 533 2279 potentia
563 2206 682 2263 tantum
708 2202 959 2262 communicantes
986 2204 1016 2260 et
1041 2217 1093 2258 con·

101 2294 229 2351 tinentes
252 2291 412 2365 rationale3
436 2311 505 2369 ergo
529 2311 572 2365 qu
595 2295 640 2351 est
657 2291 818 2351 bimedium
835 2291 975 2368 primum,
998 2292 1028 2348 et
1043 2289 1093 2364 ipa

103 2385 147 2441 est
164 2384 269 2457 potens
289 2399 379 2457 supra
398 2381 582 2456 superficiem
600 2383 646 2456 by.
684 2380 770 2449 Quod
788 2380 813 2438 si
832 2379 998 2456 superficiei
1015 2373 1091 2452 longi·

63 2481 88 2521 25
102 2471 175 2528 tudo
197 2471 275 2527 foret
296 2469 449 2528 residuum
472 2470 646 2544 secundum,
673 2472 778 2545 potens
802 2487 891 2544 supra
914 2468 1012 2544 ipsam
1033 2462 1092 2525 esset

103 2559 282 2634 superfluum
304 2560 383 2617 inter
406 2577 468 2634 eas,
492 2561 522 2616 et
545 2561 622 2617 esset
644 2560 685 2632 qf
701 2559 786 2616 radix
808 2557 916 2616 radicis
942 2559 997 2632 12,
1019 2557 1046 2614 et
1062 2550 1091 2624 ft

102 2647 186 2704 radix
208 2647 316 2705 radicis
341 2648 414 2724 108,
437 2667 493 2722 que
512 2649 581 2707 sunt
599 2647 739 2705 mediales
759 2650 789 2705 et
807 2646 993 2706 continentes
1010 2656 1090 2719 super·

102 2734 212 2810 ficiem,
248 2736 330 2794 cuius
362 2754 432 2794 area
465 2738 509 2794 est
541 2738 574 2812 6,
606 2754 676 2813 ergo
707 2738 747 2809 foc
777 2729 969 2813 <diminuta>
1000 2733 1037 2807 qf
1058 2725 1090 2785 esi

103 2819 296 2901 <residuum>
322 2825 480 2883 bimediale
507 2825 643 2902 primum.
688 2824 751 2883 Hec
779 2828 824 2883 est
846 2824 926 2882 enim
949 2823 1010 2881 eius
1031 2812 1088 2878 diffi·

65 2925 90 2964 ³⁰
104 2911 191 2988 nitio,
215 2917 246 2972 et
268 2913 343 2971 illud
366 2915 419 2988 est,
444 2914 522 2988 quod
545 2913 745 2973 demonstrare
768 2914 925 2971 voluimus

193 3001 316 3077 Supra
357 3021 500 3061 omnem
535 2996 847 3080 (superficiem)
889 3000 1088 3060 contentam

104 3110 122 3149 a
162 3090 332 3148 binomio
373 3091 527 3165 tercio,
574 3087 649 3167 (que
687 3093 732 3149 est
767 3090 865 3168 figura
902 3082 1027 3171 42⁸)1),
1059 3078 1087 3136 θΐ

176 3283 199 3332 6.
219 3293 394 3346 unaqueque.
413 3310 449 3319 -
468 3286 509 3334 15.
530 3278 672 3334 Similiter.
692 3313 725 3320 —
745 3286 787 3337 23.
805 3279 969 3334 binomium.

12 3518 14 3523 .
171 3476 198 3546 1)
226 3473 366 3530 Eucnmns
389 3473 429 3545 X,
448 3479 482 3528 42
510 3474 663 3547 (Gauianus
684 3475 727 3543 ll,
741 3482 791 3541 443
816 3476 981 3530 Hnmraoms
998 3470 1030 3538 X,
1045 3461 1083 3528 ⁶⁰)·

89 3543 145 3603 cfr.
164 3566 192 3620 p.
211 3553 266 3606 333
286 3551 347 3606 not.
365 3554 391 3606 1.
