2340 3834
92 160 158 224 250
377 160 543 214 ANARITII
560 160 818 216 COMMENTARII

180 329 330 387 Additio
352 329 472 406 figure
495 331 763 407 septuagesimo
787 330 913 405 prime.
921 322 947 406 ¹)

181 415 227 474 Sit
249 419 352 492 itaque
375 417 543 493 superficies
561 421 601 477 de
619 419 734 494 equalis
752 419 868 478 duobus
889 419 1055 494 quadratis
1075 437 1118 492 aq

92 508 123 563 et
147 506 201 579 9113
234 525 269 564 ex
300 525 362 581 qna
391 506 522 565 dividam
552 507 739 583 superficiem
766 526 815 581 ee,
847 508 994 584 equalem
1023 508 1116 616 duplo

92 593 268 669 superficiei,
294 614 350 669 que
374 596 504 654 contine

65 682 424 757 eturabayetyb:
460 677 563 742 red
768 661 784 713 b
1049 677 1070 714 α

92 771 225 829 manebit
246 791 317 850 ergo
335 773 504 848 superficies
554 732 776 765 l—-i
1057 736 1061 766 ί

92 877 134 918 uz
152 860 267 935 equalis
286 861 433 936 quadrato
453 864 503 921 ab.
562 917 566 931 ,
803 852 818 890 ²

92 948 133 1006 Et
165 948 235 1023 quia
266 949 435 1025 superficies
465 953 504 1009 de
562 934 566 1065 ι

93 1038 139 1097 est
172 1038 305 1097 seiuncta
338 1038 505 1114 superficiei
562 1072 565 1123 Ι

52 1145 79 1183 ιι
132 1143 187 1201 ιιι,
215 1127 462 1201 quemadmodum
562 1126 565 1221 ξ

93 1216 244 1274 ostensum
257 1219 315 1290 est,
329 1235 399 1293 ergo
413 1216 504 1274 etiam
562 1228 565 1275 t
1104 1240 1107 1293 g

93 1304 261 1379 superficies
301 1306 344 1363 de
388 1307 434 1362 est
473 1322 516 1362 se
544 1288 1116 1403 eL-——-—‡

92 1393 194 1451 iuncta
243 1393 408 1468 superficiei
459 1410 503 1467 ce,

93 1481 171 1540 sicut
191 1482 383 1540 manifestum
406 1487 452 1539 est
474 1501 509 1539 ex
531 1482 629 1559 figura
651 1501 730 1542 nona
752 1483 842 1540 huius
865 1482 972 1557 partis.
1022 1482 1113 1541 Simi-

52 1586 78 1626 15
92 1570 162 1628 liter
189 1589 259 1646 ergo
286 1569 320 1627 fit
343 1571 435 1628 etiam
457 1571 625 1646 superficies
648 1589 690 1630 ne
713 1571 846 1629 seiuncta
870 1570 1045 1645 superficiei
1067 1590 1111 1631 ee.

94 1657 152 1716 Sed
178 1658 345 1733 superficies
373 1677 409 1717 ec
436 1662 481 1717 est
507 1659 677 1734 rationalis,
705 1678 775 1737 ergo
800 1658 973 1734 superficies
996 1678 1042 1719 ne
1066 1665 1112 1718 est

92 1740 330 1823 <ir>rationalis3
353 1750 384 1805 et
406 1748 480 1805 illud
504 1752 557 1823 est,
581 1749 661 1824 quod
679 1748 881 1807 demonstrare
899 1747 1067 1808 voluimus.

181 1835 292 1910 Illud,
311 1837 405 1910 quod
423 1838 602 1913 sequitur,
619 1838 778 1914 figuram
796 1837 1113 1912 septuagesimam

97 1924 262 1998 sequitur
285 1917 461 2004 sextam.²)

53 2029 79 2068 so
182 2010 413 2088 Superfluum
440 2015 707 2073 coniunctionis
735 2014 885 2072 duorum
908 2014 1112 2089 quadrato-

91 2119 168 2158 rum
195 2121 237 2174 αθ
265 2105 300 2160 et
323 2104 365 2175 qb
392 2097 526 2179 <supra
554 2103 620 2162 duo
649 2103 829 2178 quadrata
857 2103 903 2160 ad
925 2106 962 2160 et
985 2105 1029 2162 db
1055 2107 1112 2163 est

93 2192 220 2264 equale
243 2191 432 2265 superfluo
455 2191 560 2266 dupli
578 2191 789 2266 superficei,
808 2210 875 2267 que
893 2192 1113 2251 continetur

92 2296 111 2336 a
137 2280 244 2338 lineis
273 2299 315 2353 aq
338 2283 372 2338 et
391 2276 458 2357 qb>
481 2298 590 2355 supra
613 2280 762 2355 duplum
785 2279 1017 2354 superficiei,
1041 2300 1112 2356 que

93 2369 302 2426 continetur
329 2387 347 2426 a
374 2368 510 2427 duabus
536 2368 645 2427 lineis
672 2370 717 2427 ad
739 2370 774 2426 et
796 2370 847 2427 db.
876 2413 1021 2428 ......
1050 2370 1111 2429 nisi

52 2457 253 2514 sesecundum
284 2458 362 2515 huno
394 2457 522 2515 modum.
573 2456 620 2515 Sit
651 2456 744 2534 igitur
775 2456 943 2514 coniunctio
976 2457 1112 2517 duorum

93 2545 306 2618 quadratorum
325 2564 366 2618 aq
385 2548 415 2604 et
431 2547 475 2618 qb
494 2545 609 2621 equalis
628 2544 794 2620 superficiei
811 2547 857 2620 se,
877 2548 908 2603 et
922 2546 1112 2620 quadratum

163 2718 205 2765 24.
224 2712 282 2768 Hic
300 2731 402 2784 maqna
416 2731 485 2781 pars
503 2721 593 2768 matus
610 2715 779 2769 intercidisse
796 2716 912 2769 uidetur.

164 2890 190 2957 1)
217 2889 352 2942 Eucumas
376 2891 412 2956 Χ
434 2897 464 2943 71
494 2890 645 2960 (Claranus
664 2891 702 2958 X,
722 2897 769 2957 68,
797 2891 965 2944 Humanams
986 2892 1025 2961 X,
1048 2896 1108 2963 73).

90 2959 124 3014 Si
141 2960 214 3014 linea
232 2962 265 3014 cle
283 2961 357 3016 linea
374 2934 510 3016 abscindit
499 2969 552 3028 t,ur
570 2963 725 3032 fuerintque
743 2963 819 3017 ambe
832 2963 1025 3031 potentialiter
1043 2971 1107 3018 tan-

91 3037 149 3085 tum
174 3033 322 3087 rationales
347 3035 585 3099 communicantes,
612 3034 718 3102 reliqua
746 3034 820 3088 linea
847 3034 898 3088 erit
925 3035 1107 3090 irrationalis

92 3103 247 3172 diceturque
264 3105 410 3157 residuum.

163 3176 190 3242 2)
217 3172 352 3227 Eucnmas
375 3174 412 3242 X,
433 3180 466 3227 76
495 3173 646 3245 (Csuraras
666 3175 703 3241 X,
724 3181 770 3241 733
797 3175 966 3228 Hammonis
987 3175 1026 3243 X,
1048 3179 1108 3245 78):

92 3243 124 3299 si
144 3245 217 3299 linea
239 3263 257 3298 a
280 3246 353 3299 linea
375 3247 547 3312 detrahatur,
573 3246 730 3315 fuerintque
753 3247 828 3300 ambe
846 3247 1038 3314 ¹potentialiter
1063 3250 1109 3302 in·

91 3317 340 3371 commensurabiles
348 3318 565 3386 superficiemque
575 3318 715 3371 medialem
724 3319 896 3383 continentes,
910 3319 1108 3388 quadrataque

91 3403 186 3443 aarum
207 3388 285 3442 umbo
308 3390 416 3456 pamter
438 3395 547 3456 accepta
569 3389 682 3442 nudiale
704 3389 789 3456 duplo
810 3388 964 3456 suqrerficiei
988 3390 1108 3445 alarius

91 3459 124 3512 in
147 3460 261 3514 alteram
287 3459 586 3524 incommensurabiliu,
612 3460 718 3527 reliqua
747 3460 820 3512 linea
847 3460 899 3513 erit
926 3460 1108 3516 irrationalis

81 3529 244 3602 diceturque
261 3531 361 3590 r'unctu
380 3548 443 3588 cum
461 3530 575 3588 mediati
593 3530 698 3599 faciens
713 3536 802 3584 totum
816 3531 940 3583 sadala.
