2340 3834
101 172 141 236 16
385 171 550 226 ANARITII
568 170 824 226 COMMENTARII

167 339 262 415 Supra
280 340 335 399 hoc
355 332 632 416 Smnn10ms²):
659 339 727 399 Non
745 341 811 399 vult
835 340 929 399 dicere
949 340 1109 401 Euomnns

99 427 248 503 absolute,
281 427 360 503 quod
390 427 534 486 terminus
565 428 601 486 fit
631 427 697 486 finis
725 429 881 488 cuiuslibet
907 429 964 504 rei,
997 430 1110 490 scilicet

99 516 197 574 noluit
219 518 315 576 dicere
337 517 369 574 in
391 517 446 575 hoc
469 517 533 575 loco
553 516 588 574 de
606 519 726 592 puncto,
750 517 801 576 sed
819 518 916 576 voluit
934 518 1030 577 dicere
1049 523 1110 578 ter·

98 605 221 681 minum,
244 605 325 681 quod
347 605 454 665 dividit
476 624 569 663 unam
586 626 648 663 rem
667 605 704 663 ab
723 606 791 681 alia,
815 607 869 682 qui
886 607 926 664 sit
945 608 1109 684 quantitas,

71 697 242 768 epunctusn
269 712 339 753 vero
366 693 494 752 termini.
546 694 587 752 Et
614 694 656 752 sic
684 697 714 752 et
741 695 816 753 hane
843 697 976 754 nostram
1004 696 1108 756 distin·

99 783 226 841 ctionem
249 783 403 842 confirmat
425 782 508 858 illud,
532 782 611 857 quod
634 783 709 841 dixit
731 784 890 842 Eucnmns
913 787 981 859 post
1003 785 1067 844 hoc.

164 871 248 929 Dixit
270 872 442 931 Eucnmas:
465 872 580 946 Fiyoro
604 876 652 946 est,
674 890 728 944 que
749 874 868 931 termino
889 868 893 951 Ι
913 875 958 931 vel
977 876 1109 935 luminis
1127 876 1159 926 1⁰

99 962 351 1034 comprehenditur.

167 1048 264 1124 Supra
291 1049 346 1108 hoc
375 1048 617 1108 Sarranmcmos:
644 1049 708 1107 Iam
734 1049 918 1108 declaratum
941 1054 998 1125 est,
1028 1052 1111 1126 quod

59 1150 86 1189 10
99 1155 134 1194 ex
170 1139 346 1197 necessitate
378 1138 464 1196 debet
495 1137 602 1196 habere
635 1138 847 1214 quantitatem,
884 1139 997 1197 scilicet
1029 1141 1111 1214 quod

99 1230 242 1300 punctum
268 1247 327 1286 non
355 1226 576 1301 comprehendit
601 1226 742 1303 figuram,
770 1246 867 1302 neque
895 1247 989 1285 unum
1012 1248 1110 1304 neque

99 1315 200 1391 plura,
241 1316 383 1391 quoniam
419 1315 518 1390 ipsum
550 1318 631 1373 caret
662 1315 851 1375 dimensione.
910 1316 973 1374 Hec
1004 1320 1109 1376 autem

101 1404 240 1464 diffinitio
268 1404 488 1479 comprehendit
517 1403 628 1480 figuras
657 1404 854 1478 superficiales
878 1407 908 1462 et
931 1407 1109 1483 corporales

100 1512 191 1567 ecque
215 1496 285 1550 sunt
308 1492 455 1568 simplices
479 1496 509 1551 et
534 1493 702 1567 composite.
743 1492 936 1551 Manifestum
959 1496 1003 1551 est
1027 1514 1108 1571 ergo,

61 1591 86 1631 15
102 1582 182 1656 quod
208 1581 348 1656 possibile
377 1585 433 1656 est,
461 1584 497 1638 ut
523 1581 563 1639 sit
589 1581 699 1657 figma,
729 1600 818 1656 quam
845 1601 904 1640 una
926 1581 1006 1640 linea
1029 1601 1108 1642 com·

99 1669 255 1744 prehendit
278 1669 459 1743 circonflexa,
485 1673 539 1727 aut
562 1669 619 1728 due
643 1669 810 1744 superficies
834 1670 1013 1729 circonflexe.
1061 1672 1108 1730 Si·

99 1758 210 1815 militer
233 1777 352 1833 quoque
376 1757 516 1834 possibile
535 1761 589 1833 est,
612 1760 648 1815 ut
668 1777 758 1815 unam
776 1778 840 1816 rem
858 1758 1109 1834 comprehendant

100 1846 254 1920 quant'tas
277 1849 358 1905 recta
382 1849 411 1905 et
435 1846 588 1921 quantitas
612 1846 799 1922 timentem,
823 1866 879 1922 que
903 1850 1028 1923 utreque
1053 1853 1109 1908 aut

100 1938 187 1993 erunt
217 1935 294 1994 linee
325 1939 378 1994 aut
405 1934 581 2010 superficies.
634 1934 692 1992 Sed
720 1936 923 2010 quantitatum
950 1939 1109 2013 rectarum,

60 2035 85 2074 20
100 2023 161 2082 sive
189 2023 249 2081 sint
274 2024 364 2099 linee,
393 2023 454 2082 sive
482 2023 542 2080 sint
569 2023 751 2099 superficies,
778 2043 838 2082 non
865 2024 1018 2083 continent
1045 2045 1108 2085 una

100 2131 203 2170 earum
230 2113 292 2172 sive
318 2113 374 2171 due
396 2112 530 2189 figuram,
554 2114 584 2169 et
606 2112 771 2188 pauciores
801 2132 875 2188 quas
898 2113 1037 2188 possibile
1062 2118 1108 2173 est

100 2201 344 2275 comprehendere
363 2201 498 2278 figuram,
519 2203 589 2258 sunt
605 2205 675 2259 tres.
715 2202 756 2260 Et
774 2202 819 2258 est
838 2201 997 2276 sciendum,
1018 2203 1108 2279 quod,

100 2308 166 2347 cum
189 2290 314 2349 dicimus
338 2286 550 2366 „figuram“‚
573 2308 633 2347 non
651 2289 844 2367 intelligimus
863 2292 981 2347 tantum
1001 2290 1106 2368 lineas,

101 2397 158 2452 que
190 2379 441 2454 comprehendunt
467 2377 662 2454 superficiem,
695 2378 746 2436 sed
773 2378 909 2437 volumus
937 2379 1106 2456 intelligere

62 2478 87 2518 2⁵
101 2466 195 2525 lineas
223 2467 313 2525 simul
340 2486 407 2525 cum
430 2485 477 2541 eo,
502 2467 581 2541 quod
602 2467 665 2542 ipse
689 2467 948 2542 comprehendunt,
973 2471 1003 2525 et
1026 2468 1107 2526 simi·

103 2554 172 2612 liter
196 2556 286 2613 etiam
308 2556 341 2613 in
365 2554 543 2630 corporibus.

165 2644 250 2702 Dixit
271 2644 443 2703 Econmns:
468 2642 601 2703 Circulos
624 2648 666 2702 cst
685 2645 783 2717 fircera
800 2644 911 2716 placa,
935 2662 1023 2717 quom
1045 2663 1109 2704 cuc

101 2733 178 2791 liora
196 2734 412 2806 comprehcndit,
434 2734 474 2791 od
492 2751 580 2806 qoem
598 2749 694 2791 moues
713 2734 785 2790 liceo
803 2734 840 2790 ab
854 2749 912 2790 emo
921 2737 1107 2805 procurem,

100 2838 154 2893 quc
175 2826 244 2880 swnt
265 2824 297 2880 ln
316 2840 357 2890 ec,
376 2825 522 2895 protracte
540 2825 608 2880 soret
626 2822 749 2893 equales,
775 2822 851 2893 quod
863 2825 1007 2893 pecodum
1024 2839 1109 2882 coca-

61 2921 88 2960 80
102 2913 150 2968 tur
172 2915 308 2968 centrum.

168 2998 265 3073 Supra
287 3001 342 3059 hoc
366 3001 607 3059 Sanenmcnms:
631 2995 708 3065 Quia
731 2996 889 3056 Euonmna
912 2997 1008 3056 voluit
1031 2998 1107 3056 diffi-

100 3086 164 3144 nire
187 3087 298 3162 species
320 3089 422 3167 figure,
445 3087 551 3161 incipit
574 3105 592 3144 a
611 3085 790 3161 simpliciori,
810 3105 866 3160 que
890 3089 934 3143 est
953 3105 996 3161 ea,
1017 3106 1108 3162 quam

100 3194 161 3233 una
180 3178 401 3252 comprehendit
418 3176 498 3233 linea
517 3194 551 3232 ex
569 3174 760 3249 simplicibus,
796 3173 993 3234 Inveniuntur
1005 3179 1107 3234 tamen

171 3332 195 3381 3.
214 3328 305 3382 noluit
319 3326 421 3396 dicere]
440 3340 476 3377 ne
490 3323 549 3379 cuit
564 3323 716 3380 dicere.‘-
737 3331 777 3379 19.
798 3324 852 3378 Sed
871 3324 1057 3393 quantitates.
1074 3358 1107 3367 -

101 3401 142 3452 25.
163 3398 257 3470 simul]
277 3396 413 3452 similiter.

103 3491 314 3500 ———————·

173 3543 198 3608 1)
216 3540 340 3594 Paccius
361 3544 420 3607 1³6,
439 3544 515 3593 2-8.
