2316 3840
102 169 144 233 62
388 166 554 222 ANARITH
572 165 827 222 ΟΟΜΜΕΝΤΔΒΠ

103 356 172 414 ergo
197 338 237 410 by
260 340 305 396 est
326 335 422 395 maior
439 335 506 394 basi
524 353 571 410 εις
594 339 625 394 et
642 335 718 394 illud
735 338 789 411 est,
812 336 892 412 quod
912 336 1097 401 demensum

102 418 287 506 voluimus.1)
628 478 631 487 .

168 515 255 590 Hoc,
283 514 376 589 quod
403 513 579 590 sequitur,
606 513 728 591 figure
755 512 927 572 vicesima
956 508 1097 592 quintc¹

104 603 264 662 additum
299 603 496 678 est.absque
532 602 582 661 via
614 601 847 678 contrarietatis,
884 603 969 678 quod
1004 605 1097 682 equul'

76 694 194 769 reperi,
217 693 270 751 sed
292 692 355 751 eius
377 692 561 751 inventorem
583 690 704 757 minime
726 683 863 772 invanff)

169 782 283 840 Ponam
300 781 413 854 itaque,
430 784 465 839 ut
484 780 611 839 duorum
628 779 849 857 triangulorum
867 782 944 858 abc,
962 783 1027 845 dee
1040 784 1097 843 latu

103 873 145 930 ab
169 871 208 929 sit
231 870 335 946 equale
358 869 448 927 lateri
471 871 518 945 de,
542 872 573 928 et
594 870 674 927 latus
697 887 739 943 ay
762 868 802 927 sit
824 871 934 945 equale
957 871 1052 932 lateri
1071 874 1097 935 dl

104 960 154 1018 sed
181 959 329 1034 reliquum
355 959 436 1016 latus
464 959 503 1032 by
530 958 570 1017 sit
596 958 692 1016 maius
719 958 812 1016 latere
838 957 957 1035 relique
983 979 1034 1023 ez:
1055 960 1097 1021 dic

102 2260 181 2318 erge,
204 2242 283 2316 quod
305 2243 433 2319 angulus
457 2243 520 2315 bcq
543 2244 588 2301 est
609 2242 705 2303 maior
728 2244 836 2321 angulo
860 2246 929 2304 ead.
971 2245 1097 2307 Prome

63 2343 88 2381 10
102 2330 173 2403 eiua,
196 2331 338 2405 quoniam
361 2331 533 2405 protraham
555 2331 666 2390 lineam
689 2349 723 2392 ea
745 2350 838 2407 usque
857 2332 896 2391 ad
914 2334 935 2393 le
951 2334 1097 2395 secundm

102 2418 318 2493 rectitudinem,
341 2421 371 2476 et
389 2437 506 2494 ponam,
529 2421 565 2477 ut
584 2421 620 2478 eh
639 2420 678 2478 sit
697 2421 810 2497 equalis
829 2422 877 2496 by,
900 2424 932 2480 et
950 2423 1097 2498 producar

102 2506 212 2564 lineam
246 2509 285 2565 ed
312 2507 471 2565 secundum
497 2507 705 2567 rectitudinem
732 2528 825 2584 usque
853 2509 891 2567 ad
918 2510 1097 2587 punctuml,

103 2597 133 2652 et
155 2613 265 2670 ponam
287 2596 323 2653 dl
345 2596 480 2671 equalem
503 2616 553 2671 aq,
577 2599 607 2656 et
628 2616 737 2672 ponam
759 2601 903 2673 punctum
926 2601 947 2659 d
971 2603 1097 2671 centrum

103 2685 133 2741 et
161 2702 229 2741 cum
252 2682 349 2758 spatie
373 2685 408 2743 dt
432 2685 595 2744 describam
619 2705 720 2745 arcum
742 2688 802 2747 tlte.
849 2686 890 2745 Et
913 2688 988 2764 quia
1011 2690 1045 2748 td
1063 2686 1097 2745 ed

64 2785 89 2825 15
104 2772 218 2847 equalis
245 2773 298 2846 da,
328 2775 358 2831 ct
386 2773 443 2832 duo
470 2774 567 2832 latera
595 2777 635 2833 ab
663 2779 693 2834 et
720 2794 762 2850 cy
790 2775 890 2850 posita
918 2776 1009 2853 quasi
1031 2776 1097 2834 line!

174 2911 214 2959 15.
235 2905 328 2977 quasi]
346 2905 421 2973 quia.
1091 2876 1097 2953 l

174 3051 200 3117 1)
218 3049 342 3102 Paccius
361 3053 422 3116 339,
442 3055 509 3117 2sq.
1083 3108 1086 3113 ,

173 3118 460 3189 2)Encn11›ns1‚25:
488 3121 616 3175 Omnium
633 3123 750 3176 duorum
768 3121 981 3191 clanculariae,
1072 3182 1078 3195 ⁸

102 3192 156 3244 duo
176 3192 262 3246 latera
279 3192 364 3244 wales
381 3192 486 3246 duodus
505 3192 634 3247 lateribus
652 3192 765 3246 alterius
782 3192 888 3257 fuerint
901 3194 1018 3263 aqualia,
1070 3250 1077 3265 ‚

100 3278 162 3316 cero
184 3263 270 3316 caiae
292 3263 351 3316 beai
374 3262 486 3317 alterius
508 3264 593 3329 fcerit
609 3265 711 3330 maier,
734 3263 785 3317 erit
802 3279 906 3332 quoque
925 3260 1092 3335 amyotum

102 3333 200 3403 acquic
221 3334 334 3386 maioris
356 3333 413 3386 illis
435 3335 511 3403 equis
529 3334 659 3388 lateribus
676 3339 815 3388 contentus
833 3335 938 3404 acquic
954 3333 1054 3390 amm

101 3405 257 3472 respiciente
275 3405 369 3457 maior.

173 3477 198 3543 3)
217 3475 341 3528 Procius
361 3480 421 3542 346,
441 3480 473 3527 12
485 3492 535 3544 aq,
554 3474 603 3542 qui
621 3475 742 3529 Hnroms
764 3490 824 3529 esse
843 3472 1097 3587 demonstraticfflg

1092 3608 1097 3655 l

96 3545 173 3600 dicit.
