2340 3834
108 155 173 220 374
394 157 559 212 ANARITH
577 156 834 213 COMMENTARII

105 327 150 385 ad
185 325 415 384 incommunicat
450 327 493 399 dy
523 326 556 384 in
587 325 787 405 longitudine,
825 326 966 402 quoniam
999 329 1044 387 ad
1075 331 1116 387 est

104 414 260 475 rationalis
288 416 318 472 et
344 409 408 492 <dp
435 416 480 472 est
506 410 630 494 surda),
659 419 690 474 et
716 417 761 475 ud
785 415 985 475 communicat
1007 417 1061 492 da,
1088 419 1117 475 et

102 505 147 578 qd
168 503 366 562 communicat
388 504 441 561 dc:
464 522 534 581 ergo
558 505 600 563 dc
622 505 789 582 seiungitur
811 506 853 565 da
869 505 903 563 in
920 505 1117 582 longitudine,

104 610 174 669 ergo
202 593 244 651 dle
272 593 438 670 seiungitur
464 594 507 652 dt.
554 591 612 652 Sed
639 594 682 652 dle
710 597 740 652 et
766 595 803 652 dt
829 595 898 653 sunt
924 594 1044 669 equales
1067 596 1115 669 ta,

77 682 168 739 olm:
200 699 269 758 ergo
297 683 340 740 lca
367 682 535 758 seiungitur
562 683 626 758 lea,
659 701 729 759 ergo
756 683 797 742 les
824 683 992 760 seiungitur
1019 683 1061 757 tq
1085 685 1116 742 in

103 769 299 847 longitudine.
341 769 400 828 Sed
421 771 486 846 ipse
509 772 632 830 suntin
655 772 792 847 potentia
809 772 972 831 rationales
992 774 1023 831 et
1040 791 1115 831 com·

103 860 302 918 municantes:
336 877 405 937 ergo
437 878 476 932 sq
506 863 552 918 est
582 859 748 936 residuum,
781 863 812 920 et
842 862 910 936 ipsa
939 863 986 920 est
1012 864 1115 937 potens

103 965 194 1024 supra
217 949 401 1023 superficiem
424 951 475 1023 b93
504 952 534 1008 et
555 948 630 1007 illud
654 951 712 1024 est,
738 949 817 1024 quod
839 949 1042 1009 demonstrare
1064 969 1115 1009 vo-

104 1036 222 1095 luimus.

63 1139 89 1178 ro
191 1125 303 1184 Linea
330 1128 457 1201 potens
485 1145 593 1201 supra
620 1145 755 1186 omnem
777 1128 1014 1203 superficiem
1036 1146 1113 1188 con·

101 1217 238 1274 tentam
269 1234 288 1273 a
317 1215 414 1273 linea
441 1215 619 1274 rationali
646 1219 681 1274 et
707 1215 852 1275 residuo
880 1217 1035 1276 secundo
1064 1220 1114 1276 est

102 1303 283 1362 residuum
305 1303 499 1362 bimediale
522 1297 712 1381 primuml)

190 1392 349 1451 Reiterabo
372 1394 466 1470 igitur
488 1392 561 1452 duas
585 1393 765 1469 superficies,
793 1411 849 1469 que
872 1395 998 1454 suntin
1020 1394 1114 1473 figura

101 1481 199 1556 prima
226 1501 292 1540 cum
319 1483 398 1541 notis
426 1482 500 1558 suia,
528 1482 625 1556 sitque
653 1484 697 1541 ad
724 1482 809 1541 radix
838 1485 878 1541 12
908 1486 938 1542 et
965 1483 1048 1542 linea
1072 1485 1113 1558 pd

63 1582 88 1622 15
102 1571 142 1629 sit
165 1571 184 1628 3
209 1589 244 1627 ex
266 1572 405 1646 numeris,
429 1574 458 1629 et
481 1589 521 1630 aa
544 1572 584 1630 sit
606 1570 691 1629 radix
714 1589 765 1631 sex
788 1575 818 1630 et
841 1572 928 1631 semis
953 1575 984 1632 ct
1002 1577 1113 1648 quarte,

102 1661 132 1717 et
163 1659 332 1734 superficies
365 1663 400 1719 ut
431 1661 471 1719 sit
500 1661 586 1718 radix
620 1661 696 1737 108,
730 1663 760 1720 et
788 1661 869 1719 linea
895 1663 936 1720 ad
964 1663 1005 1721 sit
1031 1662 1113 1720 radix

101 1747 192 1805 medii
220 1751 250 1807 et
278 1750 397 1822 quarte,
425 1751 455 1807 et
482 1748 650 1824 superficies
676 1751 711 1808 td
734 1751 775 1809 sit
796 1749 882 1809 radix
907 1753 962 1825 12,
991 1753 1021 1810 et
1043 1770 1112 1810 una·

101 2776 215 2834 queque
244 2759 369 2818 duarum
395 2762 541 2820 linearum
565 2781 617 2837 pe,
645 2764 685 2822 cd
711 2765 751 2823 sit
778 2752 872 2824 unum
900 2770 930 2825 et
952 2769 1054 2844 semis,
1081 2771 1110 2826 et

100 2867 275 2923 unaqueque
299 2850 424 2908 duarum
448 2851 667 2926 superficierum
687 2854 739 2929 ple,
756 2855 801 2913 hd
819 2856 859 2915 sit
879 2857 896 2912 6
918 2874 953 2914 ex
972 2858 1109 2931 numeris,

60 2950 86 2989 ao
101 2938 130 2994 et
163 2955 232 2995 area
263 2939 428 3014 superficiei
455 2935 538 3019 <od>
565 2943 606 3000 sit
631 2941 717 3000 radix
746 2945 817 3002 192.
867 2945 908 3003 Et
934 2945 1108 3021 permutabo

100 3043 237 3085 numeros
256 3026 294 3083 ad
313 3027 497 3103 superficiem
517 3029 702 3106 quadratam,
721 3031 882 3090 secundum
901 3033 981 3108 quod
994 3053 1108 3110 permu-

99 3115 228 3174 tavimus
255 3116 287 3172 in
313 3117 418 3192 prima.
464 3117 514 3176 Fit
540 3120 644 3194 itaque
672 3138 742 3178 area
766 3121 904 3196 quadrati
926 3121 1014 3181 radix
1039 3124 1108 3183 108.

98 3202 162 3262 Hoc
191 3207 291 3263 autem
318 3205 461 3280 probatur
482 3206 537 3265 hoc
560 3207 655 3267 modo.
701 3209 866 3285 Disponam
889 3211 982 3286 enim,
1011 3231 1108 3288 quem·

169 3389 480 3461 1)Eucum1s0uumr1
497 3392 530 3460 X,
548 3399 581 3447 87
601 3393 756 3463 (Humanam
774 3395 807 3465 X,
823 3398 881 3464 92):
905 3397 938 3452 Se·
956 3401 1109 3524 superficies

85 3462 187 3535 aliqua
205 3465 283 3524 lmen
302 3465 441 3522 rationali
463 3466 625 3536 residuaque
647 3469 760 3521 accendo
779 3470 961 3537 coatioactur,
997 3472 1061 3526 iaec
1078 3472 1108 3524 ic

24 3552 32 3581 ·’
74 3538 197 3597 eandm
214 3547 322 3613 potens
341 3541 396 3598 crit
416 3539 564 3598 residuum
581 3537 698 3594 radiata
716 3537 845 3605 panium.
