2340 3834
222 780 402 854 ruorrrr
431 732 677 854 nxposrrro
705 781 835 853 niani
862 781 995 854 noui.

190 961 403 1038 Figurarum
444 953 626 1040 primam¹)
674 965 708 1020 et
753 953 975 1038 secundam²)
1020 981 1116 1041 none

101 1050 216 1126 partis
258 1051 425 1126 sequitur
463 1050 541 1124 hoc,
582 1050 707 1124 scilieet,
749 1050 829 1126 quod
868 1050 976 1125 illud,
1020 1053 1119 1127 quod

102 1143 322 1217 aggregatur
350 1159 389 1196 ex
415 1138 726 1214 multiplicatione
750 1138 949 1198 cuiuslibet
972 1141 1117 1198 numeri

75 1243 86 1279 f·
102 1228 271 1304 quadrati
307 1228 342 1284 in
378 1246 561 1284 numerum
598 1229 825 1303 quadratum,
862 1230 910 1286 est
942 1247 1118 1288 numerus

102 1309 348 1392 quadratusl),
390 1316 470 1390 quod
505 1316 572 1373 inde
609 1311 708 1395 (est),
745 1316 886 1392 quoniam
916 1335 1019 1375 omnes
1055 1319 1119 1378 duo

102 1405 218 1463 numeri
247 1404 387 1480 quadrati
414 1399 526 1481 <sunt>
554 1405 754 1481 superficiales
781 1404 900 1463 similes.
950 1403 1120 1464 Ostensum

103 1497 148 1552 est
175 1494 276 1551 autem
299 1492 329 1549 in
352 1492 448 1570 figura
471 1494 567 1569 prima
589 1489 700 1571 <huius
722 1488 850 1571 partis),
878 1494 955 1569 quod
980 1495 1120 1553 omnium

102 1601 292 1640 numerorum
328 1581 560 1656 superficialium
591 1582 746 1657 similium,
783 1583 862 1657 quod
893 1602 928 1640 ex
959 1583 1053 1642 unius
1084 1584 1118 1641 in

62 1686 87 1723 10
102 1671 229 1728 alterum
254 1669 503 1745 multiplicatione
525 1671 674 1746 provenit,
703 1674 748 1729 est
769 1689 908 1729 numerus
931 1672 1117 1746 quadratus:

104 1777 173 1835 ergo
196 1757 403 1834 superficialiS,
426 1759 479 1834 qui
501 1760 671 1834 provenerit
694 1779 728 1817 ex
750 1759 1000 1835 multiplicatione
1024 1760 1119 1819 unius

104 1846 235 1905 omnium
263 1847 389 1906 duorum
412 1849 626 1923 quadratorum
648 1849 679 1905 in
702 1849 842 1923 alterum,
871 1851 915 1906 est
938 1849 1118 1924 quadratus.

191 1933 351 1993 Ostendam
392 1955 522 2011 quoque,
564 1937 655 2012 quod,
696 1937 725 1995 si
769 1937 903 2012 aliquis
944 1956 1118 1996 numerus

102 2024 372 2100 multiplicatur
398 2025 434 2082 in
466 2026 662 2101 quemlibet
693 2021 924 2103 (numerum)
959 2026 1117 2100 quadra-

62 2128 88 2168 15
102 2117 187 2189 tum,
211 2116 245 2171 et
267 2133 445 2188 numeruS,
468 2113 529 2189 qui
548 2134 588 2172 ex
607 2114 911 2189 multiplicatione
929 2113 1116 2190 provenit,

103 2203 151 2261 sit
170 2202 381 2279 quadratus,
401 2221 577 2277 numerus,
597 2203 711 2279 quiin
730 2223 805 2260 eum
823 2202 1116 2277 multiplicatur,

103 2295 156 2349 est
188 2277 423 2368 quieratusfl)
484 2291 597 2349 Ponam
630 2292 744 2366 itaque,
782 2293 817 2349 ut
854 2309 994 2348 numerus
1024 2311 1044 2350 a
1078 2292 1118 2351 sit

103 2381 276 2454 quadratus,
292 2380 323 2437 in
342 2399 430 2455 quem
448 2379 662 2455 multiplicetur
680 2399 820 2438 numerus
839 2382 864 2453 b,
884 2381 913 2436 et
933 2384 1119 2458 aggregetur

104 2488 138 2525 ex
170 2467 418 2543 multiplicatione
449 2487 587 2526 numerus
616 2488 648 2543 p,
681 2469 732 2543 qui
764 2467 804 2526 sit
836 2468 1016 2543 quadratus:
1049 2470 1117 2528 dico

106 2581 308 2588 ...ᾳ-*-

176 2641 216 2690 10.
236 2635 361 2690 alteram.
380 2669 415 2676 -
436 2643 476 2689 11.
496 2636 571 2705 quod
588 2635 726 2706 provenit.
746 2669 779 2676 —
800 2642 841 2690 16,
861 2636 936 2704 quod
955 2635 986 2689 in
1006 2654 1081 2692 eum.

106 2749 236 2756 .—.—-..-—
242 2749 317 2754 --.-.-

176 2817 201 2882 1)
220 2813 355 2866 Euonruns
374 2813 421 2880 IX,
441 2820 468 2867 1:
497 2814 529 2868 Se
550 2815 654 2880 fueriut
676 2816 731 2868 duo
749 2816 857 2868 uumere’
873 2815 1062 2882 superficiales
1079 2817 1117 2871 ai·

103 2885 187 2951 miles,
205 2885 253 2954 qui
271 2901 304 2938 eu
322 2886 406 2938 ductu
419 2885 504 2938 uuius
521 2886 553 2938 e'u
567 2886 681 2939 alterum
695 2887 870 2954 producetur,
888 2902 1034 2940 numerum
1048 2905 1117 2956 qua

104 2958 213 3010 drotum
231 2972 284 3008 esse
302 2972 403 3009 uecesse
421 2961 465 3008 est.

175 3029 202 3095 2)
220 3026 355 3078 Eucnrons
374 3025 424 3092 IX,
444 3031 473 3080 2:
506 3026 537 3079 Si
555 3042 588 3080 ex
606 3027 690 3081 ductu
712 3028 825 3081 ulterius
847 3028 879 3080 iu
896 3027 1014 3080 alterum
1032 3035 1116 3083 tetra·

104 3114 191 3167 porcus
206 3098 385 3165 producatur,
403 3098 457 3150 duo
476 3097 587 3166 quilibet
604 3099 711 3152 uumere'
728 3105 793 3152 suut
805 3099 990 3166 superficiales
1003 3100 1114 3154 arethe.

176 3170 202 3236 3)
222 3167 325 3220 Videas
345 3167 464 3220 Cinam
488 3167 666 3222 corollarium
690 3168 726 3222 ad
749 3168 799 3236 IX,
819 3174 847 3223 2:
885 3169 934 3242 Eu
956 3169 1000 3223 au
1022 3171 1116 3240 itaque

101 3245 200 3307 puteus
218 3245 264 3306 est,
283 3240 357 3308 quia,
374 3239 400 3292 si
418 3246 573 3310 tetrupouus
590 3241 621 3293 e'u
639 3246 808 3310 tetropeuuru
822 3240 948 3305 ducatu,
966 3242 1065 3308 quiere
1078 3243 1115 3296 eu

102 3312 276 3378 producetur,
295 3317 463 3380 tetrapouum
481 3328 541 3365 esse.

173 3383 201 3452 4)
218 3381 341 3437 ibidem:
368 3381 400 3436 Si
417 3398 478 3436 uero
496 3399 529 3436 eu
547 3382 630 3435 ductu
648 3382 783 3451 tetrapem'
795 3382 827 3434 iu
839 3398 982 3436 numerum
996 3383 1114 3452 aliquem

87 3457 254 3524 tetrepouus
268 3456 312 3525 fit,
331 3455 413 3511 illum
432 3471 577 3512 uumeruro
595 3453 715 3524 aliquem
729 3459 899 3522 tetroqouuro
915 3469 976 3506 esec.
