2316 3840
255 187 305 242 AD
323 185 509 242 EUCLIDEM
526 187 593 243 LIB.
607 188 640 242 11.
884 189 946 254 107

43 352 161 432 »refigere
170 355 261 415 tercie
269 357 365 432 prime
374 357 477 433 partis.
500 359 541 416 Et
550 357 629 432 quia
643 357 824 433 quadratum
833 358 947 418 factum

43 446 112 516 reapb
121 448 161 504 est
170 446 275 522 equale
291 446 492 506 coniunctioni
507 446 635 505 duorum
650 447 873 524 quadratorum,
888 468 946 524 que

50 549 76 589 er
86 533 220 593 lateribus
230 554 280 610 up
295 537 345 611 ab,
360 535 861 611 etlineapdestequalislineeyc:
875 556 945 615 ergo

50 623 81 680 ct
96 626 136 682 est
152 623 249 684 mains
267 625 362 683 latere
382 626 430 683 ba.
467 624 608 683 Dividam
625 625 730 700 itaque
749 645 784 683 ex
801 625 881 684 linea
895 628 945 702 ct,

193 757 212 804 b
282 715 363 790 quod
385 713 425 772 sit
447 714 553 789 equale
575 713 653 772 linee
674 715 723 786 bd,
746 716 845 790 sitque
865 715 945 774 linea
973 730 985 769 5

281 804 326 878 be
346 803 424 862 sicut
441 802 581 861 manifest
568 806 634 860 tum
653 805 698 860 est
716 822 751 860 er
769 804 945 878 probatione

280 887 440 970 figure<3
443 888 596 968 ⁰>prime
618 890 726 965 partis:
754 892 818 951 dico
842 893 944 970 igitur,

282 981 444 1056 quodiam
468 980 623 1039 divisimus
648 979 758 1038 lineam
786 983 827 1039 ab
855 1001 945 1058 supra

281 1074 426 1144 punctum
454 1087 468 1128 c
499 1069 530 1126 in
563 1068 708 1127 sectiones
740 1069 829 1145 tales,
864 1071 945 1146 quod

281 1159 464 1234 superficies,
497 1177 555 1234 que
586 1157 756 1217 continetur
783 1176 801 1215 a
829 1159 944 1219 duabus
959 1176 985 1215 ro

190 1319 193 1324 ι
281 1248 366 1305 lineis
399 1249 453 1321 ab,
481 1265 535 1322 uc,
572 1249 617 1306 est
649 1247 764 1322 equalis
797 1248 944 1323 quadrato

279 1337 360 1396 facto
379 1355 415 1394 ex
432 1336 512 1394 linea
532 1337 575 1394 bc.
607 1335 749 1396 Probatio
764 1335 836 1410 eius,
851 1357 944 1412 quon-

280 1425 340 1482 iam
373 1425 555 1500 quadratum
586 1425 700 1482 factum
733 1445 768 1482 ex
798 1426 878 1484 linea
903 1428 945 1500 pb

280 1517 325 1572 est
352 1515 458 1588 equale
486 1512 688 1572 coniunctioni
716 1514 843 1573 duorum
871 1533 944 1590 qua-

204 1603 434 1693 adratorum
435 1622 515 1679 que
529 1602 607 1660 fiunt
621 1622 656 1660 ex
675 1602 787 1664 duabus
807 1604 984 1663 sectioni-15

204 1659 333 1749 abus
349 1693 401 1766 pd
421 1649 471 1766 db,
495 1710 561 1749 cum
580 1691 669 1767 duplo
689 1693 863 1767 superficiei
887 1713 943 1769 que

43 1784 100 1839 etur
127 1801 145 1839 a
174 1780 289 1841 duabus
317 1780 403 1839 lineis
424 1737 476 1855 qd,
499 1782 549 1855 ab,
572 1781 652 1855 quod
674 1785 791 1840 constat
814 1803 849 1841 ex
875 1802 943 1859 pro-

43 1889 54 1928 e
66 1871 159 1948 figure
170 1873 203 1928 4
212 1869 299 1928 huius
313 1869 417 1945 partis.
442 1869 554 1928 Verum
564 1869 724 1928 secundum
736 1871 944 1946 probationem

47 1962 99 2018 46Θ
122 1959 218 2036 prime
240 1958 335 2034 partis
355 1958 534 2033 quadratum
551 1959 665 2016 factum
684 1978 719 2016 ex
737 1960 817 2018 linea
833 1963 875 2035 pb
898 1964 944 2020 est

64 2048 264 2108 coniunctioni
292 2048 419 2106 duorum
451 2047 680 2122 quadratorum,
712 2069 768 2124 que
799 2050 876 2108 fiunt
909 2070 944 2108 ex
958 2063 984 2101 20

43 2138 150 2196 {lineis
170 2156 220 2212 cp,
244 2138 292 2195 ab.
335 2135 394 2194 Sed
416 2136 477 2194 iarn
495 2136 649 2195 divisimus
670 2138 715 2210 φά
733 2139 870 2212 equalem
893 2157 942 2213 aq,

43 2226 147 2285 isimus
180 2228 217 2285 bc
249 2225 385 2300 equalem
417 2226 471 2301 bd,
504 2243 574 2302 ergo
611 2225 779 2284 coniunctio
816 2227 943 2286 duorum

43 2317 159 2390 iterum,
192 2334 249 2391 que
280 2314 356 2372 fiunt
388 2333 423 2371 ex
455 2312 582 2372 duabus
599 2313 686 2372 lineis
711 2333 764 2390 pu,
793 2317 846 2391 ab,
875 2310 943 2392 <est

43 2405 154 2480 §duplo
171 2403 345 2479 superficiei,
365 2422 422 2477 que
442 2402 611 2461 continetur
630 2420 648 2459 a
662 2402 776 2462 duabus
790 2405 877 2465 lineis
893 2423 942 2481 up,

43 2511 46 2548 a
74 2492 276 2552 coniunctioni
306 2492 431 2551 duorum
458 2491 684 2568 quadratorum,
717 2512 775 2568 que
802 2493 880 2552 fiunt
907 2513 943 2552 ex
957 2506 982 2546 25

43 2582 153 2640 *lineis
178 2582 229 2655 bd,
252 2575 324 2659 cy.)
371 2578 445 2638 (lum
468 2598 538 2657 ergo
556 2581 772 2640 removebimus
792 2578 942 2659 <quadra-

50 2689 88 2744 cp
119 2688 288 2743 commuue,
317 2668 482 2727 remanebit
514 2669 637 2743 duplum
669 2671 847 2749 superficiei,
885 2691 942 2748 que

43 2760 98 2816 etur
111 2778 129 2817 a
143 2759 230 2818 lineis
250 2778 299 2833 ap,
314 2760 359 2832 bc,
378 2777 446 2816 cum
460 2757 607 2833 quadrato
626 2758 706 2818 facto
721 2779 756 2818 ex
770 2756 891 2840 (linea)
900 2762 942 2820 -eb

64 2849 210 2923 quadrato
237 2848 317 2906 facto
346 2867 380 2905 ex
411 2846 491 2904 linea
520 2848 569 2905 ab.
622 2847 662 2906 Et
690 2849 761 2924 quia
788 2849 868 2908 linea
900 2852 941 2909 ab

43 2937 88 3009 pla
109 2938 188 2995 linee
207 2956 256 3012 cp,
280 2936 338 2995 erit
356 2936 481 3010 duplum
499 2934 673 3012 superficiei,
697 2957 755 3012 que
774 2939 943 2998 continetur
956 2952 982 2992 eo

43 3024 59 3082 is
79 3044 130 3099 pc,
150 3028 195 3100 cb,
218 3026 322 3101 equale
346 3023 518 3100 superficiei,
543 3044 599 3099 que
622 3027 791 3085 continetur
814 3047 832 3086 a
854 3028 940 3087 lineis

43 3128 53 3185 t,
74 3118 102 3172 et
124 3114 179 3174 hoc
202 3114 362 3172 secundum
384 3112 591 3189 probationem
613 3114 708 3191 figure
731 3117 825 3191 prime
853 3117 941 3175 huius

79 3202 157 3280 Ergo
182 3203 364 3279 superficies,
394 3221 450 3277 que
474 3202 644 3260 continetur
671 3223 689 3261 a
711 3204 798 3263 lineis
822 3207 872 3280 ab,
896 3208 941 3279 be,

43 3292 174 3362 quadrato
207 3294 286 3351 facto
320 3312 355 3350 ex
386 3291 466 3348 linea
499 3292 535 3348 bc
567 3294 612 3348 est
644 3293 759 3367 equalis
793 3294 940 3369 quadrato

43 3394 72 3434 ex
91 3380 168 3440 linea
192 3383 241 3440 ab.
293 3380 351 3439 Sed
374 3378 537 3438 secundum
559 3379 765 3453 probationem
787 3383 882 3459 figure
907 3384 940 3441 3θ
954 3393 979 3434 ³⁵

43 3495 139 3510 Ἢ.

43 3569 52 3614 l.
67 3564 126 3620 Cum
145 3585 211 3636 ergo
228 3566 408 3622 nominamus
429 3587 470 3643 ap
489 3567 518 3624 ei
537 3584 730 3628 communem.
