2340 3834
437 147 719 204 PROLEGOMENA.
976 147 1079 202 XXVII

144 309 177 362 In
199 307 291 378 prima
311 307 441 362 columna
459 311 568 363 textum
587 308 735 378 Graecum,
764 307 795 361 in
818 309 940 362 secunda
961 308 1079 362 formam

71 387 167 458 ipsum
185 387 344 456 fragmenti,
363 387 393 440 in
411 387 496 442 tertia
514 390 624 442 textum
641 389 718 442 illius
738 405 801 442 cum
819 388 1013 442 additionibus
1031 405 1079 443 ne·

71 467 203 522 cessariis
213 468 300 522 talem
308 466 459 537 posuimus,
474 468 566 536 qualis
580 467 718 537 principio
733 467 819 522 fuisse
830 468 912 522 nobis
922 468 1077 523 videbatur.

73 549 260 617 Interpretem
283 547 408 602 codicem
430 548 533 602 litteris
555 547 718 602 maiusculis
742 547 876 618 scriptum
898 547 928 601 in
948 547 1078 602 manibus

73 628 207 682 habuisse
227 628 325 682 statim
342 630 431 697 patet.
474 627 534 693 Quo
558 627 633 682 enim
656 627 712 682 alio
735 628 818 682 modo
842 627 966 698 intelligi
985 631 1079 698 potest

72 709 164 763 versio
183 708 235 762 illa
253 706 505 778 (fol.1b,21-aa):
523 709 614 778 „qaod
632 714 722 762 11111111
738 709 850 776 septemo
863 713 962 775 aono“,
980 707 1036 762 nisi
1049 708 1079 761 in

72 788 170 843 codice
193 789 342 857 legebatur
359 790 521 857 ΤΩΙΔΕΖΘ,
545 790 574 841 11
596 786 733 855 interpres
752 789 797 842 ΔΕ
819 805 870 856 pro
888 787 1028 857 particula
1047 785 1078 842 a

72 867 177 938 posuit,
196 867 243 921 vel
256 867 314 936 (fol.
325 873 363 936 2⁰,
380 871 494 938 14-15)
508 866 572 921 illa:
591 868 795 936 ,preoccupare
808 870 878 923 sicut
891 869 1079 923 tricentissimo

72 955 100 1004 et
117 948 420 1018 quadrimeatc'ssimffl,
441 946 498 1001 nisi
516 947 604 1001 codex
621 945 753 1015 praebuit
773 949 922 1017 ΚΑΙΟΕΤΥ,
941 950 970 1001 11
988 950 1031 1003 Ο(
1048 947 1079 1001 in

72 1030 117 1082 Ω(
139 1028 358 1081 transmutatum
381 1029 441 1081 est?
486 1026 592 1081 Eodem
615 1026 698 1080 modo
722 1025 770 1081 fol.
791 1025 834 1096 lb,
858 1026 1025 1081 1161119
1049 1026 1079 1080 in

72 1112 186 1162 ΗΒΓΑ
208 1107 345 1175 interpres
368 1106 494 1160 litteram
513 1111 543 1160 Η
562 1123 613 1176 pro
633 1106 787 1176 articulorj
812 1105 933 1161 admisit.
971 1106 1026 1160 Sed
1044 1106 1078 1160 de

71 1187 118 1241 his
142 1187 286 1241 hactenus.
331 1186 499 1257 Philologis‚
527 1204 584 1241 non
606 1186 806 1242 mathematico
830 1187 864 1241 de
886 1185 931 1240 his
954 1188 1078 1240 tractan-

70 1267 141 1320 dum
159 1265 219 1320 erit.

144 1345 251 1400 Eodem
268 1347 401 1415 tempore,
420 1364 476 1415 quo
494 1346 702 1416 Ars-Nummus,
720 1347 818 1400 Anusn
832 1346 980 1400 1111111111
999 1345 1077 1401 vixit.

70 1426 100 1479 Is
119 1424 149 1478 in
167 1424 288 1495 epistola
307 1425 341 1478 de
359 1426 538 1495 proportione
557 1429 586 1480 et
603 1426 867 1496 proportionalitate
886 1426 990 1495 scripta
1003 1425 1078 1495 frag-

68 1508 198 1559 mentum
210 1505 332 1559 Hnaorrs
347 1506 467 1560 servavit
480 1523 537 1559 una
551 1522 614 1560 cum
628 1505 717 1560 altero
730 1506 887 1576 fragmento
901 1507 1077 1560 Ancrmmrs.

70 1585 148 1638 Bene
166 1584 255 1654 igitur
271 1585 353 1639 nobis
371 1585 463 1640 visum
481 1589 532 1655 est,
551 1585 604 1640 hoc
623 1602 733 1654 quoque
751 1586 940 1655 fragmentum
957 1584 1001 1638 his
1014 1601 1078 1654 pro-

69 1663 227 1733 legomenis
243 1665 345 1718 addere
360 1666 513 1720 secundum
527 1665 677 1720 lectionem
686 1665 795 1720 Codicis
806 1671 875 1719 5277
884 1664 1077 1719 Bibliothecae

70 1743 299 1798 vindobonensis
313 1744 468 1799 Palatinae.
492 1745 568 1799 Haec
584 1745 711 1815 epistola,
726 1762 811 1814 quam
824 1744 900 1799 idern
915 1744 1077 1798 Garamans

69 1839 107 1877 ex
125 1823 246 1878 Arabico
264 1823 350 1878 vertit
359 1825 385 1894 1),
405 1825 454 1893 qui
472 1828 501 1879 et
518 1824 722 1879 Au-Nnmrzmu
739 1824 769 1878 in
782 1825 914 1879 Latinam
931 1823 1079 1878 transtulit

68 1903 207 1972 linguam,
225 1903 298 1957 nihil
316 1904 394 1958 aliud
413 1908 457 1958 est
469 1904 525 1959 nisi
539 1904 753 1959 commentarius
773 1905 809 1958 ad
827 1903 957 1972 quintum
974 1903 1078 1957 librum

68 1983 280 2038 Elementorum
288 1984 418 2038 Eucnmrs
433 1987 462 2038 et
476 1985 512 2038 ad
526 1984 605 2038 illam
619 1985 746 2038 Massam
758 1983 985 2054 propositionem,
1005 1999 1076 2050 quae

69 2064 181 2133 ,figura
198 2065 326 2119 1111011111
342 2063 515 2132 nominatur,
539 2067 568 2118 11
590 2081 647 2132 qua
668 2063 699 2117 in
718 2055 888 2117 astronomia
906 2065 935 2116 et
952 2061 1077 2132 trigono-

70 2143 173 2196 metn'a
197 2143 343 2212 sphaerica
367 2159 476 2213 semper
497 2144 650 2197 utebantur
668 2145 827 2213 geometrae
850 2142 993 2211 usquead
1016 2158 1076 2195 sae-

68 2222 166 2276 culum
182 2223 255 2277 XVI.
292 2224 491 2292 Fragmentum
508 2223 580 2276 illud
599 2222 736 2276 eiusmodi
754 2225 804 2276 111.

142 2321 191 2374 Ec
226 2322 315 2376 codc'ce
355 2322 557 2376 Vindoboacasi
593 2322 725 2376 Palatino
759 2324 833 2375 5277
870 2321 988 2388 (Philos.
1022 2322 1076 2386 68)

68 2401 119 2467 fol.
139 2403 253 2470 309⁶sq.

143 2479 176 2533 In
195 2482 341 2534 carastone
359 2497 478 2550 quoque,
499 2498 562 2534 cum
575 2480 660 2534 fucrit
673 2478 911 2550 perpendicularis
927 2477 986 2532 eius
1000 2477 1076 2546 equi-

70 2559 181 2613 distans
205 2559 360 2629 superficiei
378 2559 543 2630 horizontis,
568 2560 621 2613 erit
644 2559 787 2630 proportio
805 2558 940 2628 longioris
959 2558 1077 2611 duarum

68 2638 195 2708 partium
217 2638 306 2708 ipsius
329 2639 366 2693 ad
388 2640 543 2694 breviorem
567 2656 662 2694 earum
685 2640 758 2694 sicut
774 2639 918 2709 proportio
941 2637 1075 2707 gravioris

70 2717 203 2788 ponderis
224 2719 260 2772 ad
281 2718 368 2773 levius
386 2720 503 2789 pondus.
532 2720 568 2773 Et
585 2720 616 2772 in
634 2718 738 2773 chorda
757 2718 846 2772 divisa
865 2735 928 2772 cum
945 2720 1076 2787 portante

68 2798 124 2852 erit
144 2797 290 2868 proportio
313 2798 447 2869 longioris
472 2799 602 2853 sectionis
626 2799 663 2852 ad
685 2798 820 2853 minorem
842 2798 915 2852 sicut
932 2796 1075 2867 proportio
1103 2807 1116 2848 5

68 2878 146 2932 vocis
164 2878 281 2932 minoris
300 2879 337 2932 ad
354 2895 450 2933 vocem
468 2877 630 2948 longiorem,
650 2894 713 2931 curn
730 2877 924 2947 percutiuntur
942 2894 1005 2931 curn
1019 2894 1075 2931 una

67 2974 99 3013 re
122 2961 152 3012 11
174 2975 232 3012 una
252 2959 389 3027 potentia.
431 2959 491 3012 Iam
514 2974 579 3028 ergo
603 2958 775 3012 ostendimus
798 2957 996 3011 diffinitionem
1012 2973 1074 3026 pro-

66 3037 292 3108 portionalitatis
316 3038 355 3108 ei,
384 3039 432 3107 qui
454 3038 537 3091 huius
561 3037 760 3092 declarationis
783 3037 910 3092 ordinem
932 3039 1074 3091 assecutus

67 3121 124 3187 est,
153 3120 183 3171 11
206 3116 276 3185 quid
297 3128 400 3172 nomen
423 3117 483 3172 eius
508 3116 647 3186 significet
670 3117 709 3186 ei,
736 3117 785 3186 qui
803 3118 877 3171 hunc
896 3116 1076 3185 consequitur

68 3195 211 3265 ordinem,
229 3212 278 3260 ne,
302 3195 351 3264 qui
369 3197 442 3250 hanc
461 3197 629 3266 consyderat
647 3197 807 3267 epistolam,
831 3196 868 3250 ab
886 3195 940 3249 hac
958 3194 1075 3249 scientia
1090 3211 1115 3250 10

66 3275 106 3330 sit
116 3274 232 3330 'vacuus
259 3275 415 3329 Anssurnns
430 3292 540 3345 quoque
554 3277 708 3346 ponderum
721 3275 930 3347 proportionem
944 3274 1076 3329 diffinivit

66 3354 177 3411 dicens:
197 3356 346 3423 „Pondere
360 3357 580 3425 proportionalia
600 3358 707 3412 diversa
724 3364 796 3424 scat,
815 3373 884 3424 qaae
901 3371 958 3409 uuo
972 3355 1075 3424 ponde·

139 3517 166 3586 1)
185 3514 290 3570 Videas
309 3515 542 3570 Boreournesmu
559 3516 578 3570 1.
588 3515 607 3570 l.
626 3534 653 3585 p.
669 3521 692 3586 5,
711 3515 730 3570 1,
745 3521 770 3569 8.
