2340 3834
104 183 146 248 10
388 180 554 235 ANARlTlI
571 178 828 235 COMMENTARII

102 351 290 425 assumptum
311 350 402 408 fuerit
424 350 556 424 spatium
577 347 709 422 brevius,
738 348 818 422 quod
840 350 885 407 est
906 349 985 405 inter
1007 348 1112 422 lineas,

103 458 161 513 quc
184 441 254 497 sunt
275 438 369 513 ipsius
392 437 478 512 fines,
506 437 537 494 in
561 455 747 511 quacumque
774 440 860 512 parte
887 437 982 512 ipsius
1008 437 1111 510 fuerit,

101 528 172 585 licet
195 527 327 602 spatium
348 526 476 600 brevius,
504 525 585 600 quod
607 528 652 584 est
678 526 756 583 inter
784 544 846 600 eas,
873 526 906 583 in
933 525 1112 600 quibusdam

102 616 174 675 locis
202 617 242 674 sit
267 616 364 673 maius
393 618 422 673 et
445 616 476 672 in
499 614 566 672 aliis
588 615 699 688 minus,
722 614 891 689 superficies
914 617 1028 689 tamen,
1051 634 1110 690 que
1148 613 1155 618 '

75 707 147 764 sest
169 704 248 762 inter
269 704 363 762 lineas
385 703 462 776 illas,
484 703 530 760 illi
552 702 649 777 spatio
673 706 717 761 est
740 703 863 778 equalis.

189 793 262 850 Ain
284 794 384 850 antem
406 791 591 850 diffinierimt
614 791 796 866 superficiem
822 792 944 866 planam
967 791 1111 851 dicentes:

103 880 324 956 Superficies
352 882 460 955 plana
489 883 556 954 cst,
584 881 617 937 in
643 899 713 955 qua
739 880 913 955 possibile
944 881 1112 955 protrahi

102 970 143 1028 ab
167 970 260 1030 omni
281 973 415 1044 puncto
439 969 481 1027 ad
505 987 602 1028 omne
621 972 792 1043 punctum
815 969 947 1026 lineam
967 972 1111 1028 rectam.

100 1058 163 1116 Hoc
178 1077 295 1134 qnoque
309 1058 500 1116 diffinitiones
516 1076 615 1117 omncs
630 1057 782 1115 diffiniunt
795 1056 980 1132 superficiem
988 1058 1112 1132 planam

62 1160 87 1200 ro
102 1166 230 1222 omnem,
260 1151 290 1206 ct
312 1167 372 1206 non
394 1147 492 1206 solum
514 1145 710 1221 superficiem,
736 1165 828 1220 quam
854 1149 933 1204 recte
956 1147 1112 1206 continent

100 1237 187 1311 linco,
210 1255 300 1312 quam
322 1236 480 1294 Eucnmcs
499 1234 626 1292 diffinire
644 1235 750 1308 voluit,
772 1253 839 1292 curn
857 1234 940 1308 dixit,
963 1235 1043 1308 quod
1066 1238 1113 1294 est

101 1326 208 1400 equale
226 1325 333 1400 spatio,
357 1323 436 1398 quod
455 1327 500 1382 est
517 1324 595 1381 inter
612 1326 708 1382 rectas
726 1323 829 1398 lineae,
851 1322 933 1398 quod
950 1323 1013 1397 ipse
1033 1342 1110 1382 com·

100 1414 295 1488 prehendunt.
342 1411 533 1487 Superficiem
555 1412 649 1488 igitur
666 1411 827 1469 rotundam
848 1412 925 1469 linco
948 1415 1027 1469 recte
1050 1431 1112 1470 non

101 1500 365 1578 comprehendunt3
389 1500 557 1575 superficies
581 1519 699 1576 quoquc
717 1500 895 1575 compositas
914 1519 974 1558 non
992 1503 1112 1559 tantum

61 1602 87 1642 15
100 1595 179 1650 recte
202 1589 455 1664 comprehendunt
476 1590 561 1647 linco.
608 1586 734 1664 Oportet
757 1592 857 1647 autem
874 1607 928 1647 nos
952 1589 1035 1663 scire,
1059 1608 1111 1648 an-

100 1679 198 1754 tiquos
223 1678 409 1737 consuevisse
431 1678 583 1738 nominare
609 1696 695 1736 omne
717 1678 842 1752 planum
864 1677 1056 1753 superficiem,
1080 1682 1113 1738 et

99 1768 233 1842 posuisse
256 1766 287 1824 in
311 1766 453 1825 divisione
482 1767 651 1842 oppositum
678 1766 802 1840 corpori.
851 1767 1012 1824 Eucnmus
1038 1785 1111 1826 vero

99 1875 160 1915 non
185 1856 286 1930 posuit
312 1855 437 1930 planum
463 1856 521 1914 nisi
548 1873 616 1930 pro·
629 1855 725 1929 specie
749 1855 928 1930 superficiei,
961 1857 991 1913 et
1012 1856 1113 1915 voluit

101 1962 168 2001 cum
196 1963 243 2018 eo,
275 1944 437 2002 secundum
463 1943 530 2018 hoc,
558 1943 640 2018 quod
665 1943 784 2001 videtur
811 1963 846 2001 ex
872 1943 959 2001 dictis
987 1944 1050 2003 eius
1078 1944 1111 2004 in

60 2045 87 2085 cc
100 2031 276 2090 diffinitione
300 2031 472 2107 superficiei,
495 2035 531 2089 ut
554 2035 630 2090 essct
647 2031 723 2089 illud
741 2031 822 2106 quod
839 2032 916 2089 linec
934 2035 1014 2090 recte
1032 2051 1111 2092 com·

99 2122 294 2195 prehendunt.
332 2120 391 2179 Sed
408 2120 571 2180 secundum
589 2120 653 2193 hoc,
671 2119 752 2195 quod
764 2120 884 2178 videtur
898 2121 1010 2195 cx'hoc,
1030 2121 1111 2196 quod

100 2210 175 2269 alias
193 2209 361 2285 superficies
380 2209 500 2283 dimisit,
519 2227 579 2267 non
596 2209 694 2268 voluit
711 2209 778 2283 nisi,
797 2209 878 2284 quod
896 2209 989 2268 omnis
1008 2228 1109 2284 supcr-

99 2298 187 2375 ficies,
210 2302 300 2374 s'uper
322 2317 413 2373 quam
435 2300 516 2356 recta
539 2298 618 2356 linea
636 2298 735 2372 posita
753 2298 845 2356 fuerit
863 2298 995 2373 quolibet
1012 2298 1109 2372 modo,

100 2387 139 2445 sit
163 2388 319 2447 coniuncta
343 2406 410 2445 cum
434 2405 468 2444 ea
487 2386 597 2461 absque
617 2386 806 2460 dimensione,
830 2386 949 2461 adhoc,
972 2388 1008 2444 ut
1025 2385 1110 2446 fieret

60 2487 86 2529 st
100 2478 236 2551 opposita
259 2477 291 2533 in
313 2475 455 2534 divisione
478 2474 644 2549 superficiei
666 2475 777 2549 sperice
806 2478 835 2532 et
861 2474 969 2548 medie,
997 2475 1110 2533 scilicet

100 2564 225 2640 simplici
251 2568 280 2622 et
302 2564 470 2639 composite.
517 2563 557 2621 Et
584 2562 697 2621 dimisit
720 2581 819 2621 omnes
843 2563 916 2621 alias
940 2563 1108 2639 superficies

99 2653 176 2711 sicut
199 2652 382 2727 superficiem
405 2653 559 2726 columpne
583 2654 613 2709 et
635 2651 800 2727 piramidis,
829 2669 863 2710 ec
887 2652 966 2726 quod
989 2652 1042 2710 alii
1065 2653 1107 2710 in·

98 2742 286 2818 telliguntur,
305 2744 335 2799 et
351 2741 447 2800 voluit
459 2740 624 2816 intelligere
643 2739 810 2815 superficies
828 2740 943 2814 planas,
962 2759 1019 2815 que
1039 2743 1109 2799 sunt

99 2829 130 2887 in
153 2830 228 2889 cubo
252 2833 282 2888 et
302 2828 422 2888 basibus
446 2829 672 2903 columpnarum
695 2831 725 2886 ct
742 2828 928 2903 piramidum.
975 2827 1060 2897 Quod
1083 2829 1109 2888 si

59 2929 86 2970 80
101 2919 165 2994 quis
189 2918 318 2976 volucrit
339 2917 477 2976 reducere
500 2917 576 2975 hanc
599 2916 806 2975 diffinitionem
829 2917 958 2990 adhoc,
986 2921 1021 2975 ut
1048 2936 1109 2978 non

98 3008 194 3067 solum
217 3007 256 3064 sit
278 3006 510 3081 superficierum,
539 3024 614 3080 quas
641 3008 719 3063 recte
743 3005 995 3081 comprehendunt
1022 3005 1108 3080 lineo,

99 3096 150 3154 sed
169 3096 259 3154 etiam
278 3094 497 3170 superficierum
514 3094 709 3154 rotundarum
728 3098 758 3153 et
774 3095 948 3167 mediarum,
966 3094 1108 3154 immutat

100 3204 134 3242 ex
166 3204 200 3243 ea
231 3204 345 3259 parum.
399 3183 488 3242 Dicat
520 3202 603 3261 ergo:
641 3183 863 3258 Superficies
899 3183 1009 3258 plana
1042 3186 1108 3257 est,

100 3274 202 3331 cuius
221 3274 379 3348 spatium
398 3276 450 3331 est
469 3273 596 3347 equale
616 3273 735 3347 spatio
754 3274 862 3346 linee,
881 3271 974 3346 quod
993 3272 1109 3347 ipsam

100 3403 312 3410 -—-——..—

102 3545 107 3556 ·
171 3482 211 3602 lp.
236 3476 311 3543 quod
334 3475 477 3530 Eucnmas.
509 3507 539 3516 -
569 3481 610 3530 31.
638 3474 804 3544 superficies.
833 3508 866 3516 —
896 3481 937 3530 32.
961 3474 1108 3548 immutat]

99 3565 207 3603 mnua.
