2340 3834
77 173 249 229 ANARITII
265 172 523 229 coustantius
540 173 590 228 AD
609 172 794 228 EUCLIDRM
812 173 879 228 LIB.
894 173 927 228 V.
966 173 1029 238 157

40 344 110 402 iam
143 343 293 403 metiatur.
340 341 424 412 Quod
455 343 481 401 si
512 362 572 400 una
604 361 706 401 earum
736 342 827 401 fuerit
856 360 1031 401 mensurans

40 436 155 506 teram,
173 433 230 492 erit
249 431 392 490 habitudo
411 432 533 490 minoris
553 432 591 490 ad
608 431 751 490 maiorem
770 431 913 490 habitudo
927 431 1032 507 partis,

62 522 126 580 erit
143 521 286 580 habitudo
304 520 425 581 maioris
444 521 483 579 ad
496 521 641 579 minorem
654 520 797 579 habitudo
812 519 1031 594 multiplicium.

40 611 104 668 uod
128 611 155 669 si
177 609 363 686 superfluerit
386 629 421 668 ex
443 609 555 669 maiore
577 628 646 684 pars
669 628 729 667 una
747 609 844 668 minor
863 609 1031 684 quantitate

40 698 146 773 inore,
176 697 358 774 impossibile
385 701 442 774 est,
475 698 553 774 quod
584 699 648 756 ulla
674 716 756 773 pars,
785 717 841 772 que
869 697 1032 772 superfluit,
1059 707 1073 748 ὁ

40 788 163 846 retiatur
180 788 380 863 quantitatem
397 787 549 863 minorem,
567 788 660 847 donee
677 786 763 844 finiat
777 805 842 844 eam
855 789 961 861 totam,
980 789 1033 844 aut

40 894 112 936 oneo
140 878 268 952 supersit
295 896 330 934 ex
352 875 465 934 minore
487 894 557 952 pars
579 876 677 935 minor
699 875 901 949 superfluitate
922 875 1032 949 prima:

40 984 91 1043 rgo
119 983 247 1040 semper,
279 961 360 1043 (si),
387 985 444 1040 que
471 965 601 1041 primum
627 963 794 1040 superfluit,
816 964 1032 1023 mensuraverit

41 1054 223 1128 mentitatem
248 1053 391 1113 minorem
416 1057 445 1112 et
466 1053 534 1112 finit
556 1073 630 1128 eam,
653 1054 719 1129 ipsa
743 1053 800 1111 erit
822 1053 913 1110 tertia
938 1072 1031 1127 quan·

41 1141 107 1217 itas,
136 1163 193 1218 que
220 1143 470 1202 communicantes
497 1143 681 1218 quantitates
709 1143 782 1200 duas
809 1141 940 1199 metitur.
990 1143 1031 1200 Et
1046 1154 1072 1192 1⁰

41 1229 56 1288 i
74 1231 257 1306 superfluerit
279 1251 339 1290 una
357 1250 436 1307 pars,
455 1251 512 1306 que
530 1232 570 1290 sit
588 1231 792 1306 superfluitate
810 1230 908 1305 prima
925 1230 1031 1304 minor,

41 1317 204 1395 inpossibile
232 1322 277 1379 est
304 1321 408 1395 etiam,
435 1321 508 1396 quin
534 1321 600 1396 ipsa
628 1320 770 1378 metiatur
797 1319 1032 1394 superfluitatem

41 1407 162 1484 primam,
189 1409 281 1468 donee
304 1408 388 1468 finiet
411 1427 485 1483 eam,
509 1413 561 1467 eut
584 1409 746 1484 superfluat
770 1428 804 1466 ex
827 1407 1031 1482 superfluitate

41 1496 120 1570 prims
149 1516 219 1574 pars
250 1497 348 1556 minor
379 1498 581 1573 superfluitate
614 1497 749 1556 secunda.
801 1495 885 1566 Quod
914 1497 940 1555 si
965 1496 1031 1571 ipsa

42 1600 194 1645 mensurans
221 1587 313 1646 fuerit
339 1587 466 1662 primam
493 1587 743 1662 superfluitatem,
770 1585 836 1661 ipsa
860 1585 916 1644 erit
938 1585 1073 1643 tereia15

44 1676 188 1750 quantitas,
220 1695 278 1751 que
310 1675 435 1734 metitur
461 1675 534 1734 duas
563 1675 745 1750 quantitates
773 1675 1032 1733 communicantes.

45 1758 75 1819 Et
97 1764 119 1822 si
145 1764 324 1840 superfuerit
350 1772 429 1841 pars'
447 1765 544 1822 minor
571 1763 776 1839 superfluitate
804 1764 944 1838 secunda,
976 1764 1031 1821 im-

46 1852 162 1923 possibile
185 1856 239 1928 est,
262 1854 334 1928 quin
356 1853 410 1912 heo
427 1853 570 1912 habitudo
589 1855 629 1912 sit
646 1871 706 1910 una
725 1852 851 1910 duorum
869 1853 1033 1926 modorum,

48 1937 137 2000 susas
158 1944 193 1999 ut
214 1941 302 1999 huius
326 1941 544 2016 superfluitates
567 1941 743 2017 perveniant
766 1941 913 2000 adunam
932 1960 1032 2016 super·

47 2022 178 2105 uiuam,
201 2050 257 2105 que
280 2033 430 2089 mensuret
448 2050 522 2106 eam,
546 2050 602 2106 que
622 2033 667 2089 est
685 2033 754 2088 aute
772 2030 877 2105 ipsam,
901 2033 931 2088 et
949 2030 1035 2088 finiat
1048 2042 1074 2082 ro

47 2110 129 2194 brem,
151 2138 208 2194 que
231 2119 288 2176 erit
310 2118 463 2195 quantitas
480 2119 582 2194 tercia,
605 2139 661 2194 que
682 2118 806 2177 metitur
823 2119 897 2176 duas
915 2119 1033 2193 quanti-

48 2200 117 2281 istes3
152 2211 182 2266 et
218 2208 275 2266 erit
309 2208 455 2268 habitudo
490 2207 613 2267 minoris
645 2208 683 2266 ad
714 2207 857 2267 maiorem
888 2207 1034 2266 habitudo

47 2295 165 2372 uuum,
199 2298 229 2354 et
259 2296 312 2354 ilia
344 2297 535 2373 superfluitas
565 2297 622 2355 erit
647 2315 717 2371 pars
744 2296 877 2371 partium
903 2295 1033 2354 maioris.

47 2377 95 2440 sut
112 2404 170 2444 non
191 2385 347 2460 perveniat
369 2385 408 2444 ad
430 2385 563 2461 aliquam
584 2385 829 2461 superfluitatem,
854 2402 911 2459 que
930 2383 1034 2442 metia-

46 2467 84 2528 tur
101 2492 171 2550 eam,
195 2492 253 2549 que
277 2476 414 2533 estante
436 2474 540 2550 ipsam,
563 2475 624 2532 ullo
646 2474 743 2549 modo,
767 2476 797 2531 et
815 2472 871 2530 erit
889 2472 1034 2530 habitudo
1049 2485 1075 2525 es

46 2553 85 2618 heo
105 2562 261 2638 habitudo,
290 2582 347 2638 que
371 2566 416 2621 est
437 2563 516 2622 inter
537 2563 611 2621 duas
635 2562 819 2637 quantitates
842 2561 1034 2621 incommuni-

43 2653 133 2710 enas.

92 2739 175 2800 Dixit
197 2741 370 2800 secunus:
393 2742 653 2816 Ptoportioouiitus
676 2744 718 2798 est
738 2740 897 2798 similitudo
910 2757 1035 2812 propor-

43 2825 142 2888 ionmn.
172 2861 214 2870 -
241 2830 284 2887 Et
313 2832 408 2889 minor
429 2831 689 2905 proportionalitas
716 2846 770 2902 que
797 2832 850 2896 est,
882 2830 915 2886 iu
942 2830 1036 2887 tribus

43 2918 118 2977 asor
140 2919 357 2991 quantitatibus
1049 2929 1076 2969 oo

71 3005 262 3066 'Similitudo
286 3007 342 3064 erit
360 3007 392 3064 in
409 3007 610 3082 proportione,
633 3025 701 3064 eum
720 3006 903 3081 quantitates
921 3005 1036 3062 fuerint

44 3093 123 3154 ›lures
151 3095 278 3170 duabus,
306 3097 337 3153 et
363 3095 454 3154 fuerit
478 3091 674 3172 (proportio)
697 3095 792 3170 prime
816 3095 854 3152 ad
877 3094 1036 3152 secundam

44 3183 101 3244 iout
133 3184 288 3259 proportio
320 3184 444 3242 alterius
477 3184 656 3260 quantitatis
684 3184 723 3242 ad
750 3184 854 3258 aliam,
887 3182 964 3241 siout
992 3185 1037 3240 est

44 3274 179 3349 roportio
206 3272 332 3331 secunde
359 3272 397 3331 ad
423 3273 559 3349 terciam,
588 3276 618 3332 et
644 3273 735 3331 teroie
763 3272 801 3329 ad
828 3276 977 3347 quartam,
1007 3275 1037 3329 et

44 3363 65 3422 io
96 3361 130 3421 in
162 3361 229 3421 aliis
258 3361 488 3438 quantitatibus,
521 3382 578 3438 que
605 3361 744 3421 continue
772 3364 944 3436 sequuntur.
996 3360 1036 3418 Et
1051 3371 1076 3411 ³⁵

97 3554 138 3603 10.
157 3547 429 3606 communicationes.
450 3583 485 3593 —
505 3556 549 3608 15.
568 3550 775 3609 mensurando.
794 3583 830 3592 —
850 3545 1067 3618 superemus.
