2340 3834
381 144 432 199 AD
448 142 636 200 EUCLIDEM
652 144 755 200 LIRL
1031 147 1074 212 73

10 298 41 385 [Ψ
91 300 255 389 lliseednnt,
286 306 400 392 (sunt)
428 332 482 389 prc
509 313 682 374 necessariis
711 314 871 374 secundum
897 315 1073 391 petitionem

27 392 45 432 i
91 386 158 460 luins
184 401 278 478 partis
306 401 377 461 libri
398 402 565 480 Eucnmrs,
597 406 628 461 et
654 402 816 462 secundnm
842 403 966 481 figuras,
998 423 1073 481 quas

10 467 45 518 ”l
94 481 213 550 ctiam
233 491 370 566 Acium,
396 509 472 568 quas
498 492 564 568 ipse
592 491 708 550 addidit
729 492 832 569 figuris
855 493 1020 570 Eccumrs,
1044 496 1075 552 et

10 533 38 603 ΙΨ
91 588 132 634 non
149 583 189 638 est
209 579 242 638 in
264 579 323 639 hiis
346 579 481 640 omnibus
505 581 620 657 aliquid
642 581 766 658 dignum
788 583 1022 657 reprehensione.

10 646 33 693 i
136 665 214 727 Dixit
237 667 481 729 Smnmcmus:
509 669 573 729 Hee
599 672 670 728 sunt
691 670 782 729 verba
804 669 939 746 Aornis,
962 673 993 729 et
1014 673 1073 730 for·
1101 686 1115 725 ε

86 752 145 815 isse
165 757 325 818 llucnmns
346 777 407 819 non
429 759 532 834 posuit
552 759 629 818 hanc
650 759 846 818 intentionem
868 760 900 818 in
922 760 1073 836 petitioni-

84 840 131 921 bus,
151 846 208 905 nisi
229 849 265 906 nt
287 845 338 906 via
354 847 473 907 facilior
490 847 547 906 hac
564 848 614 907 via
633 848 671 906 ad
689 848 745 906 hcc
762 852 928 923 pararetm,
951 852 981 906 et
999 848 1074 906 illud

79 935 120 1010 ot,
142 935 225 1011 quia,
248 935 276 995 si
297 935 438 995 diffinitio
458 936 604 995 linearum
623 935 868 1012 equidistuntium
885 940 931 996 est
948 937 1074 996 scilicet:

75 1020 155 1082 hinec
177 1023 394 1101 equidistentcs
417 1027 496 1100 sunt,
518 1044 643 1101 quarum
666 1025 807 1102 spatium,
830 1026 911 1101 quod
933 1030 979 1085 est
996 1027 1076 1085 inter

71 1113 122 1188 eis,
152 1113 271 1172 etiamsi
300 1113 332 1171 in
359 1112 509 1171 infinitum
535 1113 674 1190 utrinque
700 1114 928 1190 protrahantur,
960 1133 1075 1190 semper
1089 1130 1117 1170 1o

68 1202 123 1260 crit
144 1202 261 1280 equale,
284 1221 355 1279 ergo
378 1221 447 1261 cum
470 1221 612 1262 conversa
634 1203 735 1278 fuerit,
759 1203 816 1261 erit
839 1203 903 1261 eius
922 1203 1073 1264 conversio

10 1286 14 1315 ''
66 1309 148 1369 vera,
176 1310 233 1366 que
261 1293 320 1366 est,
347 1309 414 1350 cum
441 1309 501 1350 non
527 1291 619 1350 fuerit
645 1291 790 1367 spatium,
818 1291 898 1367 quod
925 1296 970 1350 est
996 1292 1075 1350 inter

64 1398 113 1439 eas
136 1379 242 1454 lineas,
265 1398 322 1456 que
346 1383 417 1438 sunt
438 1381 470 1438 in
493 1398 553 1439 una
575 1380 737 1456 superficie,
761 1381 878 1456 equale,
905 1400 965 1439 uon
988 1383 1075 1439 erunt

60 1469 140 1527 linee
159 1468 384 1545 equidistantes,
408 1487 487 1546 ergo,
510 1468 537 1527 si
553 1489 612 1528 non
630 1470 743 1527 fuerint
761 1469 984 1545 equidistanteS,
1007 1488 1074 1528 con·

61 1561 198 1632 currant,
222 1557 302 1632 quod
324 1557 484 1618 Eudamus
507 1557 608 1633 posuit
629 1558 661 1615 in
683 1557 779 1635 figura
798 1561 867 1632 29⁵,
891 1577 925 1616 ac
949 1557 974 1616 si
997 1558 1116 1616 essetis

60 1646 229 1706 necessario
257 1645 471 1722 recipiendum,
499 1650 529 1705 et
550 1647 641 1723 lineo,
668 1666 726 1722 que
749 1647 965 1722 protrahuntur
987 1665 1076 1722 super

61 1737 138 1795 duos
168 1735 294 1812 angulos
322 1735 449 1794 maiores
472 1735 585 1795 duobus
608 1736 710 1810 rectis,
737 1753 796 1793 non
819 1754 934 1811 semper
956 1739 1076 1794 servant

61 1844 157 1882 unum
184 1823 328 1900 spatium,
355 1843 426 1901 crgo
454 1827 642 1883 concurrunt.
692 1825 884 1883 Manifestum
911 1827 969 1898 est,
997 1824 1076 1900 quod

61 1930 225 1973 concursus
262 1913 320 1971 erit
356 1930 374 1970 a
409 1916 508 1988 parte,
545 1912 577 1970 in
609 1931 669 1989 qua
701 1915 746 1971 est
778 1932 880 1971 earum
910 1913 1075 1987 inclinatio,

62 2001 207 2079 quoniam
221 2001 259 2060 ab
273 2001 369 2060 altera
382 2005 468 2076 parte
482 2001 656 2076 dilatantur,
669 2003 700 2060 et
713 2004 924 2079 augmentatin·
937 2002 1075 2077 spatium,
1090 2018 1118 2057 ro

61 2091 146 2167 quod
174 2091 220 2148 est
246 2089 326 2148 inter
353 2109 410 2150 eas.
458 2089 515 2148 Sed
543 2089 615 2166 quia
642 2090 753 2150 locutio
780 2090 848 2164 hec,
875 2090 988 2149 scilicet
1010 2109 1077 2148 cum

61 2181 122 2238 due
150 2177 229 2237 lines
255 2196 316 2237 non
342 2179 454 2237 fuerint
477 2179 705 2255 equidistantes,
733 2180 920 2252 concurrent,
946 2178 1077 2255 indiguit

61 2266 273 2344 explicatione,
296 2270 327 2326 et
349 2267 449 2342 etiam,
473 2267 543 2343 quia
566 2266 710 2327 sectiones
732 2267 912 2343 piramidum
929 2285 989 2325 non
1008 2268 1077 2324 sunt

60 2355 283 2433 equidistentes
314 2376 411 2432 neque
438 2359 617 2415 concurrimt
642 2356 733 2430 linee,
763 2347 916 2436 Acamsl)
944 2353 1078 2414 aborruit

58 2449 142 2506 hanc
165 2444 342 2521 petitionem
364 2448 395 2504 et
415 2444 517 2521 posuit
538 2445 650 2522 figuras
672 2446 739 2519 has,
763 2449 794 2503 et
811 2444 911 2520 ctiam,
935 2444 1005 2519 quia
1022 2444 1119 2502 hecco

57 2534 195 2594 intentio
223 2536 269 2592 est
295 2553 437 2593 conversa
462 2533 570 2612 figure,
598 2553 654 2609 que
682 2537 740 2593 est:
767 2532 860 2609 „ilum
886 2551 976 2609 super
1003 2533 1078 2592 duas

58 2624 162 2683 lineas
193 2625 290 2681 rectas
321 2623 460 2682 ceciderit
490 2642 551 2681 una
580 2625 662 2681 recta
693 2622 782 2696 linea,
814 2625 845 2680 et
875 2621 989 2681 fuerint
1020 2622 1077 2680 duc

58 2711 172 2790 anguli
196 2710 362 2786 intrinseci,
389 2712 442 2787 qui
465 2715 535 2770 sunt
558 2711 595 2769 ab
617 2729 680 2770 una
702 2714 797 2786 parte,
820 2711 939 2786 equales
962 2711 1078 2770 duobus

57 2800 170 2874 rectis,
197 2798 274 2859 linee
302 2805 389 2860 erunt
411 2800 652 2876 equidistantes“,
680 2819 736 2875 que
759 2800 818 2858 fuit
839 2800 980 2876 probata,
1008 2819 1077 2877 ergo

56 2893 118 2950 hec
140 2888 278 2948 similiter
294 2889 426 2968 indiguit
442 2889 626 2965 probatione.
662 2889 728 2946 Iam
742 2909 812 2966 ergo
828 2888 955 2948 diximus
970 2889 1078 2963 omnia,
1092 2903 1120 2943 eo

58 2999 123 3057 que
148 2980 276 3054 possunt
297 2978 356 3037 dici
379 2979 414 3037 de
436 2978 523 3037 lineis
546 2965 803 3054 equidistantibus.

158 3066 275 3125 Huius
306 3067 440 3145 figure,
477 3086 543 3142 que
580 3066 725 3125 additur
761 3066 981 3126 theoremati
1012 3068 1077 3124 tri·

56 3302 60 3306 ,
140 3261 165 3310 5.
185 3254 302 3324 Aganiz.
321 3286 356 3294 -
375 3259 417 3308 29.
435 3254 567 3326 probata]
585 3254 731 3324 protende.

142 3454 169 3520 1)
178 3450 271 3519 Iamna,
280 3449 312 3504 id
321 3451 364 3504 est
376 3451 537 3519 asymptota
546 3449 726 3519 hyperbolae.
745 3449 778 3503 In
786 3451 867 3504 textu
877 3447 990 3503 arabico
1003 3448 1079 3517 apud

62 3522 350 3579 Basanon-Horma
368 3520 421 3576 hoc
440 3520 613 3578 vocabulum
632 3521 754 3580 deficere
770 3521 898 3579 uidetur.
