2340 3834
279 135 285 150 =
383 185 433 240 AD
450 183 636 240 EUGLIDEM
654 184 720 237 LIB.
735 183 781 238 IV.
1024 182 1089 246 153

87 350 174 428 figure
199 354 232 412 in
259 353 317 415 duo
343 354 456 430 media,
484 373 542 429 que
569 353 650 411 intra
678 352 816 411 continue
839 359 1018 428 sequuntur,
1045 345 1088 428 (et

88 458 201 518 ponam,
228 447 265 502 ut
286 443 345 520 ipsi
367 446 439 502 sunt
461 443 520 501 duo
543 441 648 519 anguli
671 442 747 516 obp,
771 433 859 522 hqd),
882 459 950 499 cum
972 441 1087 499 duabus

88 525 167 588 lineis
188 533 242 606 ld,
261 533 316 608 yle,
345 551 403 608 que
426 532 506 590 intra
528 530 657 608 figuram
679 531 807 604 abyder
829 549 921 605 supra
943 533 1089 605 punctum

87 614 102 671 l
127 624 314 680 concurrant:
347 622 412 680 dico
441 641 525 698 ergo,
557 620 638 694 quod
664 622 810 693 punctum
835 620 854 676 lr
882 623 926 678 est
953 621 1089 677 centrum

563 708 670 785 figure,
705 726 795 782 quam
825 711 904 766 recte
936 707 1088 768 continent
1116 718 1131 757 5

562 797 649 871 linee,
673 799 703 854 et
728 795 831 854 circuli
852 796 992 871 descripti
1009 797 1088 853 intra

562 885 658 961 ipsam
681 888 712 943 et
730 883 871 959 descripti
889 884 966 943 circa
983 885 1087 959 ipsam.

563 973 704 1033 Probatio
738 974 810 1032 eius.
861 970 1007 1042 Quoniam
1036 992 1088 1031 an·

562 1064 651 1141 gulus
672 1064 737 1136 pblr
766 1065 811 1119 est
838 1061 952 1136 equalis
978 1062 1088 1138 angulo

563 1153 633 1225 ὁμὴ,
657 1171 726 1228 ergo
749 1150 829 1208 linea
848 1151 888 1208 bt
911 1153 955 1208 est
974 1150 1088 1224 equalis
1103 1161 1132 1199 10

563 1240 640 1297 lineo
657 1242 712 1313 plu
736 1242 766 1298 et
785 1239 876 1298 etiam
894 1239 965 1313 quia
984 1240 1024 1297 ab
1044 1241 1090 1296 est

563 1329 677 1403 equalis
704 1329 781 1386 linee
805 1329 857 1401 by,
890 1331 919 1385 et
946 1327 1026 1384 linea
1049 1328 1089 1384 blr

566 1420 612 1476 est
634 1417 748 1492 equalis
770 1417 848 1475 linee
869 1418 919 1491 ph,
943 1434 1013 1492 ergo
1032 1415 1089 1473 due

484 1475 509 1524 9
562 1506 640 1564 linee
677 1509 733 1580 ab,
769 1501 809 1564 bd
855 1507 926 1563 sunt
969 1504 1089 1579 equales

405 1607 407 1609 ’
563 1595 679 1652 duabus
692 1594 779 1652 lineis
794 1596 841 1671 by,
853 1596 904 1667 ph.
925 1592 982 1652 Sed
998 1593 1090 1651 etiam
1104 1601 1132 1642 1⁶

563 1683 691 1760 angulus
720 1684 784 1742 cdd
817 1685 861 1741 est
891 1683 1005 1757 equalis
1038 1700 1088 1739 an·

559 1772 630 1849 gulo
655 1773 733 1845 cyr,
766 1791 835 1848 ergo
863 1771 942 1830 basis
971 1773 1013 1829 alr
1045 1772 1091 1829 est

68 1849 196 1919 equalis
219 1860 284 1919 basi
307 1861 359 1919 blr:
386 1879 454 1938 ergo
477 1863 538 1919 tres
560 1861 637 1919 linee
661 1862 712 1935 cd,
735 1861 782 1935 br,
803 1862 845 1934 yla
868 1863 938 1918 sunt
961 1861 1091 1935 equaleS,

66 1925 95 1979 π
133 1950 272 2026 angulus
305 1951 368 2007 bala
401 1953 446 2008 est
473 1949 588 2024 equalis
616 1950 727 2027 angulo
752 1950 825 2023 pbk.
876 1949 934 2007 Sed
961 1950 1091 2026 angulus

60 2011 134 2080 9ὂῆ
181 2042 225 2097 est
260 2038 403 2097 medietas
440 2039 545 2115 anguli
575 2040 651 2111 uby:
689 2056 758 2114 ergo
791 2038 918 2114 angulus
950 2039 1015 2096 aar
1047 2040 1136 2096 estro

60 2111 225 2186 medietas
262 2127 365 2204 anguli
401 2129 476 2200 bac,
512 2127 652 2201 quoniam
683 2131 764 2186 totus
797 2127 923 2203 angulus
955 2129 1016 2185 bac
1047 2129 1092 2184 est

60 2199 196 2279 ,equalis
228 2215 287 2274 toti
317 2217 426 2292 angulo
455 2216 527 2289 abc.
577 2215 712 2292 Angulus
739 2217 842 2290 itaque
870 2217 932 2273 bac
958 2216 1019 2272 iam
1047 2217 1092 2273 est

58 2288 93 2333 ¹¹¹
130 2295 198 2362 duo
225 2303 323 2362 media
350 2306 479 2379 partitus
507 2323 574 2363 cum
600 2304 680 2363 linea
707 2306 756 2363 alr.
812 2302 978 2362 Secundum
1004 2302 1091 2360 huius

58 2375 199 2466 quoque
228 2392 413 2468 probationis
441 2395 635 2468 equalitatem
662 2393 841 2466 ostenditur,
873 2392 951 2467 quod
978 2392 1091 2466 relique

58 2444 159 2535 hugo
182 2501 200 2540 a
222 2484 332 2557 puncto
355 2483 374 2539 d
397 2482 435 2540 ad
453 2482 578 2559 angulos
596 2481 689 2559 figure
707 2485 857 2557 protracte
875 2483 944 2539 sunt
963 2481 1090 2555 equales
1106 2491 1135 2531 25

61 2532 180 2634 Supra
215 2570 309 2647 igitur
343 2572 363 2628 lr
394 2590 461 2629 cum
492 2572 589 2646 spatio
621 2572 708 2628 unius
739 2571 845 2628 harum
876 2570 1022 2627 linearum
1054 2569 1092 2626 ad

64 2642 207 2728 3¹11gulos
225 2661 444 2734 protractamm
462 2660 624 2718 describam
643 2660 785 2717 circulum
803 2660 1003 2718 continentem
1018 2658 1091 2734 figu-

66 2731 148 2801 ram
170 2749 307 2823 coccea,
331 2750 361 2807 et
383 2749 448 2806 dico
472 2750 571 2822 etiam,
595 2748 674 2824 quod
696 2748 774 2805 idem
796 2750 939 2822 punctum
962 2751 1006 2806 est
1027 2767 1092 2806 cen·

71 2809 163 2921 ¹³¹Jlnr
186 2835 289 2895 circuli
311 2836 452 2912 descripti
474 2837 554 2895 intra
576 2837 702 2914 figuram
725 2838 861 2910 cbpderq
885 2840 914 2893 et
933 2836 1011 2910 quod
1030 2836 1092 2894 eius

78 2917 309 2984 sslrconferentia
336 2926 446 2984 transit
467 2945 521 3000 per
542 2929 667 3000 puncta,
695 2925 734 2983 ad
756 2946 812 3000 que
835 2925 1092 3000 perpendiculares
1107 2935 1137 2975 3⁰

85 3011 111 3058 ἢ
133 3018 240 3088 puncto
267 3015 286 3072 lr
314 3015 352 3072 ad
378 3015 475 3073 latera
502 3014 594 3092 figure
618 3017 767 3089 protracte
790 3013 976 3089 proveniunt.
1021 3014 1093 3071 Pro-

87 3086 202 3162 trahem
230 3121 299 3178 ergo
322 3103 580 3180 perpendiculares
602 3104 645 3176 tt,
666 3104 716 3176 hle,
739 3103 781 3176 dl,
804 3103 865 3176 tm,
887 3103 940 3174 dre,
961 3102 1007 3160 lrs.
1053 3103 1094 3159 Et

90 3189 155 3263 quia
177 3193 304 3270 angulus
326 3194 382 3251 aro
406 3196 450 3251 est
474 3193 586 3267 equalis
610 3191 719 3268 angulo
741 3193 811 3265 deb,
834 3194 864 3249 et
883 3191 1008 3268 angulus
1028 3192 1093 3249 oble

92 3284 132 3338 est
153 3281 266 3357 equalis
289 3282 398 3358 angulo
419 3283 492 3356 ccc,
516 3301 585 3358 ergo
609 3282 701 3338 latere
725 3281 767 3338 bh
788 3280 934 3339 communi
954 3280 1011 3338 erit
1028 3299 1093 3353 per·

91 3405 296 3419 Μ--

147 3493 170 3541 2.
181 3485 251 3556 ipsa.
262 3517 296 3526 -
308 3491 331 3540 7.
342 3484 428 3556 circa]
443 3487 529 3541 extra.
540 3518 575 3525 —
586 3491 611 3540 9.
622 3487 666 3541 eet
675 3487 719 3540 est
728 3483 849 3556 equalis.
859 3516 893 3525 -
901 3488 1108 3551 tle-pamm

82 3555 318 3624 perpendicularis
331 3556 565 3626 perpendiculari
585 3560 635 3616 dr.
