2316 3840
93 170 156 234 180
375 168 541 222 ANARITII
560 167 818 224 COMMENTARII

92 343 137 397 est
160 339 237 396 sieut
259 337 412 413 proportio
437 339 476 412 bg
500 338 537 395 ad
559 339 605 413 tq
630 343 660 397 et
683 339 755 414 quia
774 340 833 398 duo
853 340 961 418 anguli
980 341 1112 401 duorum

91 428 312 504 triangulorum
335 428 399 500 obp
427 429 457 485 et
482 428 539 485 att
565 430 715 501 equantur
746 430 776 486 et
803 429 900 487 latera
930 429 1015 505 ipsos
1044 450 1111 490 oon-

92 515 218 573 tinentia
242 519 311 574 sunt
338 515 587 591 proportionalia,
616 535 686 594 ergo
714 517 884 595 triangulus
909 520 977 593 atq
1007 519 1112 578 similis

93 605 150 662 erit
163 605 316 682 triangulo
325 607 392 664 rot:
407 624 476 681 ergo
492 605 620 681 angulus
631 607 707 664 bam
720 610 766 664 est
780 606 895 682 equalis
911 609 1030 684 angulo
1040 610 1111 668 hro.
1146 664 1148 669 ,

66 694 133 751 ollt
156 693 317 752 seeundum
335 694 424 751 huius
443 692 627 767 probationis
647 695 842 769 equalitatem
861 696 1006 772 ostendit,
1033 697 1112 773 quod

93 783 221 860 angulus
249 784 325 841 abm
362 786 406 840 est
443 782 557 856 equalis
591 784 701 860 angulo
728 785 800 844 rhea
856 784 1009 844 Remanet
1043 805 1111 864 ergo

805 1727 831 1779 9

95 1863 223 1940 angulus
247 1864 322 1921 amb
351 1864 466 1938 equalis
494 1865 605 1942 angulo
628 1865 705 1922 aot:
738 1882 808 1940 ergo
838 1863 1016 1942 triangulus
1041 1870 1116 1928 abm

95 1956 139 2011 est
162 1951 265 2010 similis
289 1951 440 2029 triangulo
463 1955 535 2012 rto.
582 1953 662 2029 Ergo
685 1953 840 2027 proportio
860 1953 913 2010 bm
936 1955 976 2012 ad
1001 1958 1047 2016 hrt
1072 1961 1116 2016 est

95 2041 172 2100 siout
204 2041 357 2115 proportio
382 2060 434 2099 am
463 2042 499 2099 ad
521 2060 570 2101 eo.
625 2041 665 2098 m
692 2041 855 2099 seeundum
882 2041 1116 2104 similitudinem

56 2145 82 2184 10
96 2131 184 2188 huius
206 2129 390 2204 probationis
413 2130 640 2205 demonstravit,
669 2129 749 2204 quod
771 2129 943 2207 triangulus
968 2135 1046 2209 bmg
1071 2138 1115 2194 est

96 2219 199 2279 similis
222 2219 374 2296 triangulo
397 2220 469 2294 iret,
497 2223 527 2277 et
555 2218 635 2294 quod
661 2219 814 2293 proportio
837 2214 912 2296 <tm
934 2221 974 2278 ad
997 2224 1044 2281 ho
1069 2224 1113 2281 est

96 2309 173 2368 siout
186 2304 361 2385 proportio>
372 2326 426 2381 pm
440 2308 478 2365 ἃᾶ
493 2313 535 2367 tn.
566 2307 641 2366 (ium
656 2327 725 2384 ergo
740 2307 954 2367 abstulerimus
970 2312 1111 2385 medium,

95 2397 260 2455 remanebit
281 2396 434 2471 proportio
454 2416 507 2456 am
530 2396 569 2455 ἃᾶ
590 2415 633 2456 ao
655 2395 733 2454 siout
755 2397 910 2471 proportio
929 2418 984 2473 my
1007 2400 1045 2457 ad
1068 2404 1108 2458 nt.

97 2485 172 2543 Cum
191 2505 261 2561 ergo
280 2486 557 2561 permutaverimus‚
582 2486 638 2543 erit
655 2485 809 2560 proportio
829 2504 883 2544 om
906 2487 944 2545 ἃᾶ
962 2507 1016 2563 mg
1034 2489 1107 2547 sieut
1132 2526 1137 2531 -

58 2588 82 2627 rs
96 2573 249 2648 proportio
272 2591 314 2631 ro
333 2574 370 2630 ἃᾶ
392 2579 435 2632 ot.
483 2573 540 2632 Sed
562 2574 716 2650 proportio
740 2593 793 2633 am
821 2575 859 2632 ἃᾶ
881 2593 934 2650 mg
963 2581 1010 2635 est
1032 2577 1102 2636 sieut

96 2661 249 2737 proportio
264 2662 408 2734 trianguli
418 2665 494 2721 ebm
508 2664 546 2721 ad
560 2664 743 2740 triangulum
756 2664 841 2737 pom,
856 2665 886 2720 et
900 2665 1052 2740 proportio
1064 2680 1097 2723 aa

96 2751 134 2809 ad
147 2754 185 2808 ot
203 2753 247 2808 est
266 2750 343 2808 siout
361 2753 514 2827 proportio
533 2752 679 2829 trianguli
692 2753 756 2812 zat
775 2752 813 2809 ad
831 2753 1020 2830 triangulum
1036 2755 1105 2815 lent„

97 2859 166 2916 ergo
186 2839 339 2914 proportio
358 2840 504 2917 trianguli
519 2844 594 2900 ubm
613 2840 651 2898 ad
668 2840 855 2918 triangulum
875 2843 949 2916 bmy
969 2847 1013 2902 est
1030 2840 1107 2909 siout

96 2928 249 3003 proportio
259 2928 477 3004 triangulirolr
488 2930 526 2987 ad
535 2930 795 3007 triangulumtot.
823 2928 881 2989 Sed
889 2932 1040 3006 proportio
1048 2945 1110 3000 om
1146 2966 1148 2989 ÷

57 3032 83 3071 20
98 3018 136 3074 ἃᾶ
158 3035 209 3089 rap
232 3021 277 3075 est
300 3012 432 3094 (etiam)
456 3019 533 3076 siout
554 3018 708 3093 proportio
731 3018 876 3095 trianguli
900 3038 973 3079 ame
996 3019 1031 3077 ἃᾶ
1048 3021 1104 3078 tri-

97 3105 242 3182 angulum
266 3124 335 3179 emp
367 3110 397 3164 et
429 3106 507 3164 siout
532 3107 686 3182 proportio
719 3106 864 3185 trianguli
887 3110 963 3167 abm
990 3108 1027 3167 ad
1047 3107 1103 3165 tri-

99 3194 242 3271 angulum
261 3196 342 3268 brug,
366 3198 396 3253 et
418 3197 571 3270 proportio
595 3195 811 3254 coniunctionis
839 3197 966 3267 duorum
993 3197 1105 3256 anteea-

98 3283 231 3341 dentium
254 3282 292 3340 ad
310 3283 547 3342 coniunctionem
565 3287 690 3344 duorum
709 3285 952 3360 consequentium
972 3290 1015 3345 est
1032 3279 1109 3342 situi

89 3548 126 3595 20
170 3476 247 3525 3-4,
267 3469 366 3523 similis
386 3469 451 3543 erit]
470 3472 570 3525 summi
589 3469 680 3525 lateri.
700 3503 734 3512 -
755 3477 795 3526 16.
815 3473 891 3540 quod
909 3471 1072 3543 proportio·
1089 3482 1117 3494 ‘

126 3588 130 3597 .
152 3561 232 3616 arry.
