2340 3834
96 189 160 255 368
383 190 548 246 ANARITII
566 187 824 245 COMMENTARII

95 360 152 435 ad,
175 361 228 434 da,
252 362 282 418 et
305 377 406 418 eorum
429 359 610 436 superfluum
632 357 672 417 sit
695 375 741 431 er;
769 361 800 417 ot
821 376 931 434 ponam
954 378 1107 418 numerum

95 448 200 521 alium,
242 449 293 523 qui
335 449 375 507 sit
414 451 438 523 t,
479 448 561 506 ouius
602 447 755 523 proportio
792 447 831 506 ad
867 467 1105 524 unumquemque

94 535 220 594 duorum
242 554 434 594 numerorum
456 537 504 611 de,
528 555 563 596 er
584 554 644 594 non
666 537 705 595 sit
723 537 802 595 siout
819 539 976 613 proportio
995 538 1106 595 numeri

95 624 234 700 quadrati
262 625 299 684 ad
322 644 478 683 numerum
501 625 694 701 quadratum,
723 625 885 683 secundum
908 625 989 701 quod
1012 628 1043 684 in
1065 626 1106 684 bi·

68 713 194 772 bnomio
217 714 310 773 torcio
334 714 553 790 descripsimus3
578 717 608 773 et
629 732 749 790 ponam,
771 717 806 772 ut
829 716 868 774 sit
890 715 1047 791 proportio
1069 717 1106 774 de

96 802 133 860 ad
157 807 168 860 t
190 802 266 862 sieut
288 804 441 880 proportio
465 803 605 878 quadrati
626 805 666 877 by
685 802 722 861 ad
741 802 922 878 quadratum
941 822 969 878 a,
994 807 1024 863 ot
1041 823 1105 881 pro-

94 892 192 967 portio
217 897 228 950 t
250 891 287 950 ad
310 910 346 952 ze
368 893 447 951 siout
464 892 616 967 proportio
635 886 816 969 (quadrati)
835 911 855 951 a
873 892 910 950 ad
930 893 1107 967 quadratum

92 982 149 1055 9123
181 983 211 1039 et
244 980 411 1055 ostendam,
445 980 523 1056 qnod
551 982 591 1040 bt
618 984 663 1039 est
690 980 852 1056 residuum,
885 984 915 1040 ot
944 983 985 1056 by
1011 985 1107 1058 potest

95 1087 186 1145 supra
210 1071 253 1144 pt
276 1088 343 1128 oum
366 1073 525 1146 augmento
549 1069 700 1144 quadrati,
729 1070 811 1128 ouius
834 1069 922 1129 latori
946 1072 1105 1128 communi-

55 1174 81 1213 1o
96 1161 145 1217 oat
167 1158 198 1215 in
221 1158 416 1236 longitudine,
440 1161 470 1217 ot
492 1177 669 1233 unaquoque
689 1157 814 1216 duarum
832 1160 980 1216 linearum
1000 1162 1046 1234 by,
1067 1161 1107 1234 pt

95 1247 261 1324 seiungitur
283 1247 425 1306 rationali
448 1246 516 1306 date
539 1247 570 1304 in
593 1247 792 1324 longitudine:
816 1266 884 1324 orgo
909 1250 949 1307 bt
974 1252 1020 1308 est
1038 1249 1105 1308 resi-

95 1335 185 1393 duum
212 1336 350 1411 tercium3
379 1339 409 1394 et
436 1335 511 1393 illud
538 1339 596 1410 est,
623 1336 701 1411 quod
725 1335 926 1396 demonstrare
949 1338 1104 1396 voluimus.

184 1424 269 1483 Volo
292 1425 454 1484 inveniro
477 1424 658 1483 residuum
682 1428 847 1500 quartum
869 1419 1062 1508 binomii.1)

183 1512 298 1572 Ponam
329 1515 430 1588 itaque
463 1513 536 1572 duas
568 1513 663 1571 lineas
693 1513 856 1573 rationales
888 1518 919 1573 ot
946 1516 1105 1573 communi·

56 1615 81 1656 15
96 1603 197 1660 cantes
220 1602 251 1660 in
273 1601 473 1679 longitudine,
496 1621 516 1660 a
539 1605 569 1661 et
592 1604 640 1678 by,
663 1605 693 1661 et
716 1602 788 1660 duos
811 1621 958 1678 numeros,
983 1623 1106 1679 quorum

96 1691 205 1749 nullius
236 1691 389 1766 proportio
418 1692 456 1750 ad
483 1709 627 1750 summam
655 1710 756 1750 eorum
784 1692 823 1750 sit
850 1691 927 1752 siout
954 1694 1106 1770 proportio

96 2788 212 2846 numeri
244 2789 383 2864 quadrati
417 2789 454 2847 ad
481 2809 636 2848 numerum
664 2791 856 2866 quadratum,
889 2793 942 2868 qui
971 2795 1032 2853 sint
1059 2796 1102 2866 de,

97 2878 147 2950 ela
176 2880 205 2936 ot
227 2877 364 2936 similiter
387 2878 553 2953 ostendam,
577 2879 655 2938 siout
677 2880 805 2955 ostendi,
830 2881 908 2956 quod
931 2884 972 2942 bh
996 2887 1040 2942 est
1061 2904 1101 2942 ro·

98 2965 223 3040 siduum,
247 2969 277 3024 et
300 2968 340 3040 tp
362 2970 461 3041 potest
484 2986 573 3043 supra
589 2970 632 3041 pt
650 2987 716 3026 oum
734 2963 938 3048 (augmento)
958 2972 1102 3046 quadrati,

58 3067 84 3108 ao
97 3054 185 3113 lateri
208 3054 290 3113 ouius
312 3055 344 3110 in
366 3055 551 3132 longitudino
573 3055 810 3132 incommunicati,
834 3061 864 3116 ot
885 3060 924 3132 by
943 3061 1100 3118 communi·

97 3147 146 3202 oat
168 3143 351 3201 orationali
374 3143 442 3202 dato
465 3145 497 3201 in
519 3145 719 3221 longitudine:
742 3165 811 3224 orgo
835 3148 875 3204 aa
893 3150 938 3206 est
956 3149 1102 3208 residuum

97 3234 249 3308 quartnm3
273 3234 303 3290 et
325 3231 402 3289 illud
425 3235 483 3308 est,
507 3232 585 3308 quod
609 3234 809 3294 demonstrare
832 3235 990 3297 voluimus.

156 3493 186 3562 1)
208 3489 347 3546 Enonmrs
366 3489 491 3548 (lmm
510 3490 553 3562 X,
569 3496 606 3546 83
632 3491 790 3562 OEnrnnnon
804 3493 921 3561 &tilla
954 3495 1100 3551 Mami

67 3568 210 3628 quarum
229 3565 370 3623 Μεντίνα.
