2340 3834
92 180 139 245 48
383 176 548 231 ANARITII
567 174 824 233 oouuuuuaau

95 349 175 406 linea
203 348 242 406 du
270 349 315 406 est
347 346 462 421 equalis
493 345 570 406 lineo
599 348 649 406 dh.
706 345 779 405 Cum
812 364 881 423 ergo
913 344 1109 403 minuerimus

97 437 170 495 duas
193 437 287 494 lineas
311 436 431 510 equales
455 437 499 494 da
522 439 552 493 et
579 438 620 495 aa
645 456 680 494 ex
702 435 816 494 duabus
843 435 929 492 lineis
953 433 1110 509 equalibus

95 527 136 585 ad
159 527 189 582 et
211 526 262 599 ella,
285 523 450 583 remanebit
471 523 552 582 linea
575 527 612 584 bu
635 526 751 601 equalis
773 524 850 581 linee
874 525 923 582 aa.
966 521 1025 580 Sed
1047 522 1111 581 iam

97 613 287 686 ostendimus⁷
311 612 389 688 quod
412 613 491 670 linea
515 615 552 673 bu
575 617 620 672 est
643 615 756 688 equalis
781 615 832 688 hq,
856 614 886 670 et
909 630 952 687 ea,
976 631 1033 687 que
1057 611 1112 669 uni

70 703 141 761 orei
163 705 233 761 sunt
256 702 387 777 aqualia,
415 702 535 777 aqualia
559 705 636 778 sunt,
665 722 734 780 ergo
757 704 836 760 linea
860 702 902 760 ab
925 703 970 760 est
993 700 1110 776 equalis

96 792 173 849 lineo
197 793 244 864 bq.
290 791 359 848 Jam
383 790 568 849 adiunximus
591 794 701 867 puncto
726 812 745 851 a
767 792 877 849 lineam
900 791 942 849 aa
970 789 1111 864 equalem

96 882 172 938 linae
202 881 249 954 bq,
278 879 360 938 cuius
388 880 557 938 extremitas
586 884 631 938 est
658 885 804 955 punctum
831 899 862 952 ας
895 880 926 937 et
951 879 1028 936 illud
1056 882 1110 953 est,

96 970 175 1044 quod
198 968 399 1027 demonstrare
421 967 577 1028 voluimus.

185 1059 241 1116 Est
272 1077 389 1133 quoque
422 1057 497 1115 alius
530 1050 679 1139 modus¹),
716 1078 774 1134 quo
807 1057 940 1131 docetur,
978 1056 1111 1131 qualiter

58 1158 85 1197 1⁰
99 1148 293 1222 protrahatur
320 1147 400 1204 linea
429 1145 542 1219 equalis
569 1148 645 1205 linee
670 1149 752 1221 date,
780 1147 831 1222 qui
859 1149 904 1204 est
930 1145 1110 1205 huiusmodi.

96 1236 242 1310 Ponatur,
274 1238 308 1293 ut
340 1254 399 1292 non
432 1234 471 1291 sit
502 1240 645 1308 punctum
678 1258 697 1296 a
729 1255 818 1311 supra
848 1235 960 1293 lineam
989 1236 1047 1308 qb,
1081 1237 1112 1293 et

96 1329 240 1400 punctum
272 1343 291 1382 a
322 1323 361 1381 sit
394 1325 487 1380 extre-

97 1413 186 1472 mitas
200 1415 277 1471 linee
299 1411 422 1487 quesite,
442 1410 492 1468 sed

97 1502 137 1560 sit
163 1503 242 1559 linea
265 1502 320 1574 qh,
354 1518 421 1557 cum
449 1519 492 1558 se-

58 1601 83 1640 15
116 1591 244 1648 cundum
265 1588 474 1647 rectitudinem

96 1679 308 1754 protrahatur,
345 1677 492 1735 transiens

97 1787 186 1843 super
199 1767 305 1840 ipsum.
324 1766 492 1824 Producam

97 1875 167 1933 ergo
186 1856 297 1913 lineam
315 1857 367 1927 bq,
392 1873 492 1913 secun-
562 1890 564 1892 -

137 1944 208 2001 dum
230 1943 452 2003 rectitudinem:

58 2044 84 2083 2⁰
98 2033 238 2091 transibit
288 2051 357 2109 ergo
406 2051 494 2107 super

97 2125 241 2196 punctum
260 2141 286 2180 a.
327 2120 441 2179 Deinde
466 2119 645 2180 constituam
667 2137 755 2193 super
776 2118 886 2176 lineam
910 2120 950 2177 ha
973 2119 1111 2197 triangu-

97 2211 160 2269 lum
187 2211 396 2286 equitatorum,
426 2209 477 2284 qui
504 2210 543 2267 sit
569 2207 739 2282 triangulus
767 2208 845 2273 adh,
878 2210 908 2265 et
935 2208 1113 2282 protraham

97 2300 208 2357 lineam
235 2301 278 2357 da
306 2297 464 2356 secundum
491 2296 700 2355 rectitudinem
727 2314 820 2370 usque
849 2295 887 2354 ad
915 2299 1061 2370 punctum
1089 2316 1112 2361 c.

98 2387 212 2446 Deinde
235 2406 344 2462 ponam
369 2389 511 2461 punctum
537 2405 556 2443 a
579 2388 725 2460 cautim,
754 2386 784 2442 et
810 2379 918 2463 (cum)
942 2385 1040 2459 spatio
1070 2406 1114 2462 aq

58 2488 84 2528 ao
99 2475 262 2534 describam
285 2494 385 2532 arcum
405 2476 473 2549 qele.
523 2475 715 2532 Manifestum
744 2475 788 2531 est
812 2492 895 2550 ergo,
923 2474 1002 2548 quod
1029 2474 1114 2535 linea

99 2583 141 2639 aq
168 2567 213 2622 est
236 2563 351 2638 equalis
378 2563 455 2620 linea
483 2581 533 2635 ae3
567 2563 618 2621 sed
644 2562 725 2619 linea
748 2563 789 2620 ha
817 2565 862 2620 est
889 2562 1003 2638 equalis
1031 2563 1113 2624 linea

99 2655 151 2728 da,
175 2670 244 2728 ergo
268 2652 347 2710 linea
366 2653 405 2724 laq
428 2654 472 2709 est
496 2651 609 2727 equalis
632 2651 709 2708 linee
733 2652 784 2724 de3
809 2653 839 2710 et
856 2650 934 2709 illud
952 2654 1005 2727 est,
1030 2654 1114 2728 quod

99 2742 299 2800 demonstrare
323 2740 479 2798 voluimus.

186 2829 260 2887 Hoc
287 2829 379 2904 quod
406 2828 584 2904 sequitur,
617 2827 743 2903 quinto
767 2820 1016 2909 theorematil)
1076 2832 1112 2889 d·

60 2933 87 2972 no
101 2919 221 2977 ditum.

100 3015 126 3020 ..-
131 3013 310 3020 .--—--—.

171 3058 194 3106 1.
213 3050 404 3123 minnerimus]
423 3050 617 3105 invenerimus.

172 3197 197 3264 1)
216 3193 252 3247 Et
270 3195 359 3263 figura
378 3195 406 3247 et
425 3192 594 3247 constructio
612 3209 724 3262 prorsus
743 3195 786 3247 est
803 3193 896 3247 aliena
915 3193 950 3246 ab
965 3192 1017 3247 illa
1032 3195 1112 3264 apud

100 3265 385 3319 Braurona-Humana.
404 3263 581 3333 Vituperatio
591 3263 737 3318 Hammon
746 3264 819 3318 falsa
831 3280 891 3318 esse
905 3264 975 3317 mihi
988 3264 1109 3322 videtur.

171 3339 197 3406 2)
216 3336 350 3390 Eacnmns
369 3336 389 3404 Ι,
409 3340 436 3389 5:
468 3336 560 3389 Ouuis
578 3337 713 3406 triauquli
734 3337 819 3389 duum
836 3337 974 3405 equalium
993 3337 1111 3392 laterum

101 3409 227 3478 auqulos,
245 3409 293 3476 qui
310 3424 395 3474 supra
413 3407 498 3460 basim
516 3412 588 3473 suut,
606 3407 712 3475 equales
729 3422 783 3461 esse
800 3423 903 3461 uecesse
921 3413 972 3473 est;
993 3408 1066 3476 quod
1084 3411 1111 3463 si

100 3480 158 3534 eius
181 3481 233 3533 dieo
257 3478 366 3546 equatio
384 3478 469 3530 latera
492 3478 588 3531 directe
601 3479 816 3547 praeiudicatur,
843 3479 908 3545 ficut
932 3494 1036 3548 quoque
1057 3481 1110 3535 sub

93 3551 160 3605 basi
178 3552 231 3605 duo
250 3549 347 3618 auquli
365 3548 478 3603 iuoieeu
496 3548 608 3616 equales.
