2340 3834
103 188 145 252 66
390 185 556 240 ANARITII
574 183 831 239 COMMENTARII

101 354 322 431 probationem,
354 357 385 413 et
411 372 481 412 usus
510 356 555 412 est
582 353 614 410 in
641 353 817 428 probatione
845 353 909 412 eius
936 351 1035 430 figura
1062 353 1117 410 13·

103 446 133 502 et
158 444 214 502 15⁰
237 446 267 501 et
292 445 347 503 18³
369 442 459 518 primi
481 444 627 501 tractatus
652 441 687 501 de
711 441 872 501 elementis.
913 441 955 498 Dt
976 440 1033 499 hoo
1057 458 1117 498 non

103 535 148 590 est
180 535 367 606 extraneum,
399 531 541 606 quoniam
572 530 732 590 Eucnmns
762 549 821 589 nou
848 548 919 589 usus
948 531 994 588 est
1022 547 1059 586 ea
1086 529 1117 586 in

102 621 278 696 probatione
311 620 439 679 alicuius
470 620 529 679 nisi
560 619 592 677 in
623 619 798 695 probatione
828 621 882 678 29Θ
904 618 998 696 figure
1011 623 1013 629 ’
1026 617 1118 676 istius

75 712 258 769 atrectatus.
312 709 375 768 Hec
412 728 529 785 quoque
565 708 672 784 petitio
709 708 748 766 ad
784 708 830 767 sui
866 707 958 783 ipsius
994 705 1117 765 demon-

103 798 277 857 strationem
299 798 414 875 indiget
437 798 539 874 aliqua
562 797 804 872 consideratione,
829 799 865 855 ut
887 796 1118 870 demonstretur,

102 887 196 962 quod,
223 887 472 962 quemadmodum
500 886 555 944 due
583 885 673 961 lineo,
702 905 759 962 que
786 885 1004 961 protrahuntur
1027 902 1119 959 super

102 975 175 1034 duos
199 976 324 1052 angulos
346 978 456 1050 rectoS,
479 994 539 1033 uon
562 977 751 1049 concurrant,
775 973 827 1033 sed
849 973 1048 1049 equidistant,
1071 973 1118 1031 ita

101 1064 158 1123 due
186 1064 277 1139 lineo,
304 1084 361 1140 que
389 1063 605 1140 protrahuntur
628 1082 715 1139 super
737 1063 810 1122 duos
835 1063 960 1139 angulos
983 1061 1117 1120 minores

61 1168 87 1206 10
102 1153 215 1212 duobus
238 1154 336 1229 rectis,
359 1153 587 1228 coniunguntur.

167 1242 253 1302 Socio
281 1261 351 1301 vero
378 1244 480 1300 nostro
503 1240 606 1300 Acaru
635 1260 695 1300 non
722 1243 768 1299 est
794 1241 906 1314 visum,
932 1241 967 1297 ut
989 1241 1116 1314 poneret

99 1330 176 1391 hanc
194 1331 378 1407 petitionem,
402 1329 544 1404 quoniam
563 1332 630 1406 eget
648 1329 826 1405 probationi,
850 1328 900 1388 sed
918 1328 982 1386 loco
1002 1346 1116 1401 eorum,

100 1440 157 1495 que
181 1424 251 1478 sunt
272 1419 304 1477 in
323 1418 485 1493 elementis
508 1436 577 1477 usus
601 1421 646 1477 est
669 1418 736 1478 aliis
756 1418 809 1493 ita,
827 1420 863 1476 ut
879 1417 1022 1492 probaret
1039 1415 1115 1494 figu-

99 1528 164 1567 ram
193 1510 271 1568 29ΜΩ
299 1507 410 1583 absque
437 1507 493 1566 hac
520 1507 672 1582 petitione.
721 1506 836 1565 Deinde
863 1524 933 1565 vero
963 1497 1117 1586 probabit
1133 1509 1159 1560 18

62 1610 87 1649 15
100 1598 176 1655 hanc
201 1595 377 1672 petitionem
399 1596 561 1655 secundum
584 1595 746 1654 sententias
769 1594 885 1654 etuias
909 1594 1117 1672 geometricas,

101 1685 183 1743 cuius
207 1684 297 1743 verba
321 1688 391 1743 sunt
412 1685 478 1744 hec:

166 1774 252 1831 Dixit
269 1772 402 1832 Aenms:
422 1772 500 1842 Quia
517 1772 641 1849 promisi
658 1792 705 1831 me
724 1775 910 1832 ostensurum
928 1770 1019 1830 huius
1037 1772 1116 1848 peti·

100 1861 190 1920 tionis
224 1861 467 1935 declarationem,
501 1881 558 1938 que
591 1864 648 1937 est,
681 1862 774 1937 quod
801 1861 867 1920 due
894 1861 1004 1934 linee,
1037 1879 1118 1920 cum

100 1951 367 2025 protrahuntur
399 1968 507 2026 super
539 1949 625 2009 duos
658 1950 808 2027 angulos
836 1949 973 2008 duobus
1000 1949 1118 2009 rectis

59 2053 86 2092 20
99 2039 268 2112 minores,
301 2041 530 2113 concurrent,
563 2057 629 2097 cum
659 2038 883 2114 probationibus
915 2038 1119 2116 geometricis,

100 2147 134 2186 eo
158 2129 238 2204 quod
261 2127 401 2202 possibile
425 2130 479 2201 est,
502 2128 633 2203 aliquem
655 2127 867 2203 reprehendere
891 2128 1060 2203 geometras
1084 2126 1118 2186 in

98 2217 162 2292 hoo,
186 2220 217 2275 et
239 2215 347 2275 dicere:
373 2215 468 2285 Quare
487 2216 589 2293 petitis
608 2216 693 2274 nobis
712 2214 839 2290 concedi,
863 2215 942 2291 quod
959 2233 1020 2273 non
1040 2216 1118 2276 satis

99 2308 144 2365 est
166 2305 366 2380 manifestum,
390 2308 419 2363 et
442 2305 488 2363 uti
511 2324 545 2364 eo
564 2305 596 2363 in
613 2295 788 2380 probatione
808 2301 949 2363 alterius?
990 2303 1118 2364 Faciam

99 2413 169 2470 orgo
195 2393 285 2467 illud,
314 2397 344 2452 et
366 2395 492 2453 fortasse
514 2395 568 2452 hec
591 2394 717 2452 intentio
741 2395 785 2452 est
807 2392 894 2451 valde
916 2411 1037 2468 magna,
1060 2412 1118 2453 nec

60 2495 85 2535 aa
99 2485 201 2540 tamen
242 2481 369 2558 indiget,
411 2486 445 2540 ut
484 2476 635 2559 <faciam>
670 2482 791 2558 longam
827 2480 1117 2541 sermocinationem.

98 2571 172 2630 Dico
218 2589 302 2647 ergo,
349 2570 428 2646 quod
467 2589 520 2630 nos
562 2569 722 2628 diffinimus
762 2570 856 2629 lineas
897 2568 1117 2646 eqnidistantes

99 2660 241 2718 dicentes:
267 2677 325 2717 eas
349 2676 438 2732 esse,
462 2679 528 2735 que
552 2678 627 2717 cum
651 2659 725 2717 sint
746 2658 782 2717 in
805 2678 874 2717 una
898 2659 1118 2734 superficie,

98 2748 311 2822 fuerintque
339 2747 375 2805 in
403 2748 589 2806 infinitum
616 2734 813 2823 protracte,
842 2747 911 2805 erit
940 2748 1117 2822 spatium,

99 2837 192 2912 quod
220 2839 275 2896 est
301 2835 400 2894 inter
428 2855 499 2913 eas,
527 2856 644 2911 unum,
673 2833 749 2913 (et)
778 2839 834 2894 est
859 2835 975 2893 minor
1001 2835 1117 2911 linea,

58 2937 168 3001 toque
206 2928 260 2984 est
291 2924 388 2983 inter
419 2944 490 3000 eas,
522 2925 618 2983 siout
649 2923 784 2983 dictum
816 2927 870 2982 est
900 2923 937 2981 in
969 2925 1115 2999 spatiis.

99 3013 225 3089 Oportet
256 3031 340 3089 erg0,
372 3017 407 3072 ut
433 3014 490 3073 iste
517 3009 687 3091 (quatuor)
714 3013 808 3090 figure
836 3013 931 3088 primo
963 3012 1120 3072 addantur

99 3103 176 3161 libro
211 3103 423 3161 elementorum
454 3105 523 3178 post
553 3102 681 3179 figuram
715 3103 791 3160 26³⁰
825 3101 862 3160 ad
893 3101 961 3177 hoe,
994 3103 1029 3160 ut
1060 3103 1118 3162 hec

99 3191 196 3268 figura
219 3191 378 3249 reducatur
401 3191 439 3249 ad
461 3192 524 3266 hoc,
547 3193 583 3249 ut
606 3191 646 3250 sit
669 3193 733 3248 27².

166 3279 202 3337 Si
233 3279 373 3338 fuerint
404 3279 469 3338 due
497 3281 594 3338 recte
622 3279 902 3354 equidistantes,
936 3279 1116 3356 spatium,

166 3489 208 3536 11.
227 3480 344 3551 Aganiz.
375 3513 409 3521 -
438 3488 479 3537 23.
504 3481 547 3536 uti
570 3499 633 3536 cum
651 3499 692 3538 eo.
720 3515 755 3523 -
783 3488 825 3536 28.
844 3483 1057 3551 protrahuntur.
1079 3517 1113 3526 -

77 3555 123 3604 31,
143 3553 223 3607 Loco
241 3555 317 3608 noers
335 3556 462 3623 quatuor
480 3555 586 3628 Mscpt.
607 3557 739 3613 lucanam
754 3555 845 3608 babet.
