2340 3834
390 113 440 168 AD
459 110 764 167 menwaldum
1038 111 1080 175 83

62 282 146 340 linee
165 285 202 341 at
214 281 247 340 in
266 281 340 343 duas
359 281 490 351 diversas
503 285 604 356 partes
619 280 676 338 due
690 279 775 355 linae,
791 299 849 355 que
864 283 933 338 sunt
946 279 1023 337 linee
1038 283 1081 354 at,

62 372 107 445 to,
127 373 160 429 et
173 370 249 428 fiunt
262 371 321 430 duo
336 371 448 448 anguli,
469 371 521 446 qui
536 369 651 429 suntin
670 368 785 427 duabus
799 367 943 443 partibus,
962 369 1080 443 equales

62 459 183 518 duobus
201 459 302 522 rectis:
322 479 392 537 ergo
412 460 467 519 due
486 460 563 517 linee
582 463 625 534 at,
644 459 675 517 ab
694 458 855 517 seeundum
873 457 1082 530 rectitudinem

62 548 300 625 coniunguntur,
322 551 352 608 et
375 548 451 608 fiunt
472 549 552 607 linea
575 566 646 620 una3
676 547 706 604 et
733 545 809 603 illud
837 550 893 620 est,
922 546 1003 621 quod
1032 545 1079 603 de-

61 640 235 696 monstrare
259 637 413 696 voluimus.
1107 645 1119 684 5

156 725 197 784 m
224 726 295 800 quia
324 726 446 801 promisi
478 727 531 784 has
567 723 760 797 intentionem
792 743 862 800 ergo
894 742 1018 797 ponam,
1048 725 1082 780 ut

64 813 198 892 angulus
221 833 241 873 a
262 814 408 894 trianguli
431 818 496 889 obp
518 815 557 873 sit
580 816 693 886 rectus,
723 815 753 870 et
781 812 962 870 constituam
990 829 1080 886 supra

10 904 44 958 21
64 903 105 977 by
128 902 311 978 quadratum
331 899 335 981 Ι
353 922 406 979 pp,
429 906 459 962 et
481 904 590 962 faciam
617 919 706 976 super
728 900 769 959 ab
789 900 968 974 quadratum
991 902 1082 973 oben,

676 991 706 1047 et
724 1007 814 1063 supra
835 1007 878 1062 oy
900 989 1081 1063 quadratum

676 1079 767 1154 ophi,
804 1080 834 1136 et
861 1077 1035 1153 protraham
1062 1090 1120 1135 a10

675 1168 787 1242 puncto
825 1184 844 1224 a
881 1166 991 1224 lineam
1024 1168 1082 1225 alol

676 1255 907 1331 equidistantem
930 1254 1008 1312 lineo
1031 1256 1081 1328 bd,

677 1346 707 1401 et
737 1343 941 1421 coniungendo
973 1343 1080 1418 produ-

677 1451 742 1490 cam
779 1433 890 1490 lineam
922 1451 973 1506 ey,
1011 1451 1081 1509 ergo

674 1523 756 1579 secat
787 1521 898 1579 lineam
923 1522 958 1580 al
990 1532 1120 1596 supra15

674 1612 818 1683 punctum
841 1629 886 1682 Μ,
915 1614 945 1669 et
973 1609 1080 1685 produ·

610 1729 627 1759 e
675 1716 739 1756 eam
760 1698 943 1756 lineamhm.
966 1698 1081 1757 Deinde

675 1786 854 1863 coniungam
882 1791 1027 1860 punctum
1052 1807 1082 1846 ra

673 1877 784 1951 puncto
817 1876 846 1933 b:
883 1875 948 1934 dieo
981 1876 1082 1952 igitur,

675 1963 755 2039 quod
781 1963 861 2021 linea
884 1965 935 2023 but
963 1967 1008 2022 est
1036 1984 1078 2023 se·
1093 1977 1119 2015 2⁰

698 2051 827 2110 cundum
849 2052 1060 2111 rectitudinem

675 2141 752 2199 linee
785 2141 845 2198 hm.
904 2141 1081 2199 Protraham

676 2247 746 2306 ergo
770 2228 843 2286 duas
866 2229 961 2286 lineas
981 2231 1081 2304 elalep

676 2317 836 2376 seeundum
863 2317 1080 2393 rectitudinem,

675 2406 768 2484 donee
790 2409 966 2466 concurrant
989 2425 1079 2482 supra
1094 2417 1118 2457 25

671 2513 708 2570 a,
737 2498 767 2553 et
791 2495 966 2570 protraham
989 2496 1080 2554 etiam

55 2586 158 2645 lineas
192 2602 228 2644 ea
259 2587 289 2642 et
315 2584 362 2658 ht,
394 2584 487 2644 donee
519 2584 695 2641 concurrant
728 2602 817 2659 supra
846 2602 874 2657 s,
908 2587 937 2642 et
970 2585 1079 2642 faciam

56 2673 192 2734 transire
237 2692 291 2749 per
331 2676 476 2748 punctum
515 2691 545 2730 m
585 2672 696 2731 lineam
737 2673 806 2746 qmi
846 2672 1077 2747 equidistantem

57 2763 140 2820 linee
176 2779 227 2835 se,
273 2764 303 2819 et
338 2761 449 2820 lineam
484 2778 557 2819 amo
598 2760 829 2836 equidistantem
864 2756 994 2839 <linee>
1032 2779 1078 2837 ap,

57 2850 139 2909 siout
166 2850 232 2909 eius
259 2850 423 2925 protraotio
455 2848 614 2907 manifesta
643 2851 688 2908 est
719 2870 752 2907 ex
780 2849 954 2925 probatione
985 2849 1078 2927 figure
1092 2863 1118 2902 ao

59 2939 211 2999 tricesimo
235 2939 338 3013 prime,
362 2943 391 2997 et
415 2937 619 3015 coniungendo
643 2940 754 3013 puncta
784 2939 957 3012 protraham
984 2939 1078 2997 lineas

60 3046 111 3102 sa,
133 3032 173 3088 ta
218 3026 312 3085 Linea
334 3027 436 3103 itaque
460 3031 495 3085 ta
519 3030 563 3084 est
586 3027 700 3102 equalis
719 3026 796 3084 linee
815 3045 865 3100 op,
889 3029 919 3084 et
941 3027 1021 3086 linea
1039 3046 1079 3087 aa

61 3119 108 3175 est
126 3115 243 3192 equalis
266 3115 343 3174 lineo
362 3117 413 3190 ab,
437 3133 506 3192 ergo
525 3115 582 3173 due
600 3117 676 3174 linee
697 3117 738 3174 ba
756 3118 786 3173 et
805 3134 846 3190 ap
864 3119 935 3174 sunt
958 3117 1078 3191 equales

61 3205 178 3264 duabus
200 3203 287 3263 lineis
314 3222 354 3264 aa
378 3208 408 3264 et
430 3208 477 3279 at,
506 3206 536 3261 et
564 3205 691 3281 angulus
720 3206 784 3278 bap
813 3207 857 3262 est
885 3205 998 3280 equalis
1027 3224 1078 3263 an-

61 3294 133 3370 gulo
156 3297 227 3354 aot:
252 3311 321 3370 ergo
339 3292 419 3352 basis
438 3294 478 3366 dp
501 3295 545 3351 est
569 3293 681 3368 equalis
704 3292 770 3350 basi
788 3297 826 3367 ta,
850 3295 880 3350 et
902 3293 956 3351 hoo
984 3295 1078 3351 mani·
1092 3303 1117 3343 35

60 3383 175 3440 festum
197 3383 243 3440 est
261 3382 422 3440 seeundum
438 3381 647 3457 probationem
664 3381 760 3462 figure
779 3384 907 3460 quarte„
927 3385 960 3440 et
976 3382 1095 3454 reliqui

61 3469 164 3544 anguli
185 3471 256 3526 sunt
272 3469 392 3542 equales
409 3471 536 3549 reliquis
558 3475 693 3556 angulis,
718 3495 793 3556 ergo
818 3473 958 3554 angulus
979 3471 1047 3542 ahq
1068 3468 1119 3522 est-

920 3572 957 3626 &a
