2340 3834
73 109 135 174 192
172 108 338 164 ANARITII
357 107 614 164 COMMENTARII
631 107 681 162 AD
700 107 888 163 EUCLIDEM
906 107 974 162 LIB.
991 107 1047 162 VII.

70 276 224 336 undecime
248 272 380 356 (huius)
402 277 509 352 partis,
535 275 580 352 [et
601 276 678 335 illud
702 280 755 351 est,
779 277 861 352 quod
884 277 1138 337 demoremur

71 364 241 442 voluimua]

161 454 258 524 Quod
275 454 452 530 sequitur,
470 454 634 513 additum
653 458 706 514 est
728 453 851 531 figure
875 446 1160 547 vicesimas]

71 544 136 602 Iam
158 544 251 621 igitur
274 548 424 604 ostensum
448 546 505 619 est,
527 543 709 619 impossibile
734 561 804 617 esse,
828 547 862 602 ut
880 543 1009 601 minores
1030 562 1151 611 ΠΜ.

44 645 58 685 o
73 632 155 708 meri,
175 633 227 708 qui
245 636 313 692 sunt
333 634 492 691 secundum
509 633 731 708 proportionem
745 632 874 691 aliorum
887 651 1141 715 numerorum,

72 721 133 780 sint
146 725 245 796 partes
259 722 381 781 illorum
394 741 592 780 numerorum.
631 720 715 791 Quod
733 721 759 778 si
777 740 838 779 non
854 721 968 779 fuerint
985 723 1135 796 pertas

72 829 186 885 eorum,
215 815 300 870 erunt
327 830 396 886 pars
424 811 568 886 ipsorum,
599 810 704 885 cuique
732 829 833 868 eorum
859 809 984 884 fuerint3
1016 827 1128 885 pars

73 899 138 974 erit,
161 901 320 959 secundum
344 901 423 974 quod
446 900 478 956 in
495 898 719 973 precedentibus
743 901 894 958 ostensum
912 900 966 972 est,
989 897 1125 960 minor

71 987 193 1047 minoris
217 991 247 1047 et
270 989 365 1046 maior
387 987 516 1047 maioris,
563 986 652 1046 (iuius
676 988 842 1062 exemplum
870 987 909 1046 sit
930 981 1007 1066 <in>
1032 1007 1119 1047 nu-

30 1091 58 1129 ro
71 1077 172 1152 meris,
199 1081 234 1136 ut
256 1078 296 1136 sit
317 1076 470 1153 proportio
493 1076 585 1134 trium
608 1077 648 1134 ad
675 1077 815 1150 quatuor,
844 1076 922 1134 sicut
945 1079 992 1134 est
1017 1095 1115 1151 pro-

70 1166 169 1240 portio
192 1186 298 1226 novem
322 1167 360 1223 ad
383 1165 545 1239 duodecim,
569 1184 664 1240 neque
688 1167 732 1222 est
754 1164 903 1239 possibile,
925 1167 961 1223 ut
983 1183 1112 1223 secun-

72 1255 142 1312 dum
164 1255 386 1331 proportionem
413 1273 519 1312 novem
542 1255 581 1311 ad
603 1253 757 1312 duodecim
785 1254 845 1312 sint
872 1253 930 1313 duo
957 1253 1113 1312 minores

71 1345 187 1402 numeri
219 1362 308 1418 quam
339 1346 399 1400 tres
433 1346 462 1400 et
490 1346 629 1417 quatuor,
661 1343 758 1401 minor
790 1362 915 1417 quorum
946 1346 1109 1401 numerat

71 1432 215 1491 minorem
225 1432 384 1489 secundum
394 1432 601 1506 quantitatem,
616 1450 675 1507 qua
684 1431 780 1490 maior
788 1434 925 1489 numerat
934 1431 1108 1503 maiorem,

32 1533 58 1574 15
74 1522 214 1596 quoniam
236 1523 296 1578 tres
319 1523 456 1578 numerat
478 1539 584 1579 novem
608 1521 767 1578 secundum
789 1539 945 1577 numerum
967 1519 1110 1589 vicium,

73 1609 178 1684 quibus
203 1611 330 1683 quatuor
351 1613 489 1667 numerat
511 1609 673 1667 duodecim.
725 1608 756 1666 si
785 1609 850 1683 quis
874 1629 944 1685 ergo
969 1607 1107 1677 dixerit,

73 1698 142 1772 quia
165 1698 318 1772 proportio
336 1698 427 1756 trium
446 1699 484 1755 ad
502 1717 609 1757 novem
628 1701 673 1756 est
691 1697 767 1755 sicut
785 1698 939 1773 proportio
958 1700 1114 1773 quatuor

72 1786 110 1843 ad
138 1786 304 1860 duodecim,
332 1806 401 1864 ergo
430 1790 516 1845 erunt
542 1789 603 1844 tres
631 1781 703 1863 <et>
731 1806 838 1845 novem
870 1787 928 1844 duo
956 1786 1112 1844 minores

72 1875 186 1932 numeri
210 1876 370 1933 secundum
391 1875 613 1957 proportionem
637 1876 765 1950 quatuor
792 1874 830 1932 ad
858 1875 1026 1948 duodecim,
1050 1868 1129 1930 εὖ

31 1967 172 2021 notamen
199 1967 258 2022 tres
286 1968 356 2023 sunt
384 1968 483 2039 partes
512 1968 652 2040 quatuor,
681 1963 757 2022 sicut
784 1983 890 2022 novem
918 1961 1060 2023 duodecin
1083 1965 1133 2017 ἦ

72 2052 168 2110 dicam
196 2056 281 2129 tunc,
313 2053 392 2129 quod
419 2055 474 2111 hoe
503 2057 548 2112 est
573 2052 763 2128 impossibile.
819 2051 904 2121 Quod
934 2052 1004 2110 inde
1028 2050 1140 2113 ena

72 2141 212 2216 quoniam
234 2143 387 2217 proportio
406 2142 493 2200 unius
516 2143 555 2200 ad
573 2146 632 2200 tres
652 2145 697 2200 est
716 2142 793 2199 sicut
810 2140 964 2216 proportio
983 2145 1144 2198 numef

70 2250 179 2305 rorum,
210 2232 262 2307 qui
288 2234 357 2290 sunt
384 2231 545 2289 secundum
567 2232 643 2288 hanc
666 2225 944 2308 (proportionem),
972 2204 1152 2289 scilice,

71 2320 230 2378 secundum
247 2321 469 2395 proportionem
488 2322 616 2395 quatuor
634 2319 672 2376 ad
691 2318 853 2392 duodecim,
872 2321 902 2376 et
921 2321 966 2377 est
978 2316 1105 2387 minor?
1117 2309 1157 2360 ‘r

30 2422 57 2462 25
72 2409 123 2483 qui
142 2412 187 2466 est
204 2428 290 2484 unus,
313 2428 382 2483 pars
401 2408 510 2483 mione,
530 2408 582 2484 qui
600 2411 645 2466 est
664 2411 799 2483 quatuor,
823 2407 900 2465 sicut
919 2410 964 2465 est
981 2396 1161 2464 maiorft

73 2497 123 2571 qui
147 2501 191 2555 est
213 2500 283 2571 tres,
305 2516 374 2572 pars
398 2497 527 2571 maioriS,
551 2497 602 2572 qui
625 2498 670 2554 est
698 2496 860 2554 duodecim.
907 2496 970 2554 Hcc
992 2482 1164 2572 igituss2t

71 2584 166 2662 figura
190 2589 242 2659 est,
266 2605 322 2660 que
346 2589 391 2644 est
414 2585 602 2663 adiungenda
625 2584 809 2643 theoremati.

142 2777 220 2825 4-5.
239 2770 375 2824 minorem
388 2789 533 2826 numerum
547 2772 630 2838 quod.
650 2803 684 2810 -
704 2777 728 2826 6.
748 2771 821 2824 sicut
834 2773 938 2840 partes.
953 2803 989 2810 —
1006 2775 1028 2824 9.
1042 2743 1167 2843 ,psji

71 2858 210 2895 numerus.
229 2874 264 2881 -
288 2849 328 2897 13.
348 2841 439 2896 minor
457 2858 575 2910 quoque.
601 2874 634 2882 —
659 2847 700 2896 18.
721 2858 787 2912 crgo
806 2841 868 2896 crit.
887 2873 923 2882 -
945 2847 988 2895 25.
1007 2811 1164 2909 quac?d

73 2916 116 2966 est
132 2912 214 2965 unius
232 2915 328 2982 partie.
343 2946 378 2952 —
397 2919 509 2967 25—26.
530 2915 651 2981 estpars
665 2913 755 2967 maior
769 2913 817 2981 qui
833 2915 876 2967 eet
889 2916 946 2966 tres
960 2905 1161 2966 maioriffl‘

71 3016 106 3023 -
125 2987 241 3038 26-275
256 2984 344 3053 igitur
363 2987 454 3053 gratia
472 2985 569 3053 figura.

144 3162 169 3229 1)
188 3161 324 3215 Encnmns
343 3161 403 3229 VII,
423 3167 456 3215 20
480 3160 610 3230 (Cannam
628 3161 688 3228 VH,
708 3165 765 3228 21):
794 3162 913 3216 Numeri
935 3157 1145 3216 recendit-'³

72 3234 217 3302 quamlibet
239 3235 443 3303 proportionem
469 3235 577 3287 minimi
603 3240 750 3288 nnmernnt
776 3235 907 3302 qnostitet
933 3234 965 3286 in
991 3229 1091 3285 affl
1103 3229 1138 3269 ²¹⁵

69 3306 246 3374 proportione
264 3309 353 3359 minor
370 3307 500 3359 minorem
518 3311 543 3358 et
560 3306 649 3358 maior
666 3306 795 3360 maiorem
813 3305 951 3374 equaliter.
