2340 3834
380 169 431 224 AD
449 169 635 225 EUCLIDEM
654 170 721 224 LIB.
736 170 782 224 ΠΙ.
1022 169 1084 232 127

61 337 226 413 descripti,
250 337 390 414 quoniam
411 337 444 397 in
467 340 509 399 eis
531 359 591 399 non
614 342 684 398 sunt
701 338 907 398 antecedentia
924 337 1087 415 figurarum

62 426 263 502 sequentium
289 428 366 487 hanc
388 427 528 506 figuram,
555 448 650 504 neque
674 429 765 486 etiam
787 428 841 486 hec
863 427 959 504 figura
983 431 1028 486 est
1050 428 1085 485 de

63 516 229 575 elementis
251 516 331 576 illius
354 516 457 595 figure,
480 517 531 576 sed
552 517 633 575 illius
651 515 744 594 figure
762 516 911 592 principia
929 521 1087 575 sumuntur

65 625 104 662 ex
141 606 240 680 prima
268 609 354 681 parte
387 609 417 664 et
449 626 484 665 ex
512 605 607 683 figura
634 606 732 680 prima
758 605 848 663 huius
874 605 977 681 partis,
1028 603 1086 663 Sed

65 695 146 769 quia
168 694 287 754 Yamus
313 694 468 772 indigebat
495 713 542 770 ea,
570 695 610 752 ad
631 694 707 753 hanc
731 694 948 753 dubitationem
971 694 1085 754 solven-
1113 705 1127 745 5

65 783 144 840 dam
171 783 272 858 posuit
298 782 426 860 figuram
455 786 533 842 20²¹¹¹
560 783 648 842 huius
676 784 771 858 partis
794 783 975 858 principium
996 783 1085 842 huius

64 864 193 952 figure).
237 873 277 930 Et
310 871 383 947 quia
414 873 540 950 angulus
568 873 635 930 abd
662 874 707 930 est
735 871 849 946 equalis
878 872 986 948 angulo
1011 873 1086 947 dyo,

66 960 217 1035 quoniam
243 964 313 1019 sunt
340 960 372 1018 in
400 961 537 1036 portione
564 979 637 1034 una,
665 963 696 1018 et
723 979 824 1018 eorum
847 961 936 1018 corda
959 964 1003 1019 est
1025 979 1086 1018 una

67 1067 161 1108 arcus
179 1049 276 1123 unius,
294 1049 345 1124 qui
365 1053 411 1108 est
428 1068 513 1108 arcus
532 1051 585 1123 ad,
604 1052 634 1107 et
651 1049 733 1109 latus
752 1050 792 1108 ab
812 1052 858 1107 est
876 1050 981 1124 equale
996 1049 1084 1107 lateri

64 1140 127 1212 od:
157 1157 226 1214 ergo
255 1137 416 1197 secundum
442 1138 650 1214 probationem
675 1137 844 1215 11111126Θ
871 1138 966 1212 prime
990 1139 1085 1213 partis
1100 1152 1127 1191 1⁰

69 1228 131 1285 erit
159 1245 199 1287 aa
225 1227 340 1302 equalis
366 1227 443 1285 lineo
466 1229 521 1301 βάς
550 1231 580 1285 11
602 1227 693 1285 etiam
716 1227 787 1303 quia
810 1227 937 1304 angulus
961 1244 1017 1300 cap
1041 1230 1086 1286 est

69 1315 189 1391 equalis
209 1316 320 1392 angulo
340 1317 405 1389 cab,
424 1319 455 1374 et
472 1316 599 1392 angulus
619 1333 675 1389 apr
694 1319 739 1374 est
757 1316 871 1391 equalis
890 1315 1000 1392 angulo
1016 1317 1085 1374 aba:

71 1423 145 1481 ergo
174 1404 334 1463 secundum
361 1403 567 1479 probationem
593 1404 763 1482 11311132θ
789 1405 883 1480 prime
909 1403 1004 1480 partis
1029 1403 1086 1462 erit

70 1493 201 1570 angulus
221 1510 282 1567 aaa
303 1493 435 1569 reliquus
454 1494 569 1569 equalis
586 1494 702 1568 reliquo
722 1494 831 1571 angulo
851 1495 915 1552 bea.
956 1494 997 1551 Et
1015 1491 1086 1567 qnia

71 1582 131 1640 duo
159 1582 263 1659 anguli
290 1598 363 1657 aaa,
391 1600 451 1642 eoa
476 1582 621 1659 trianguli
648 1600 708 1642 oea
735 1584 805 1640 sunt
828 1583 948 1657 equales
972 1581 1084 1640 duobus
1099 1594 1125 1634 15

18 1676 52 1726 28
71 1671 192 1748 angulis
215 1671 275 1731 dea
297 1672 328 1728 et
347 1665 352 1749 1
374 1672 433 1730 eda
454 1671 599 1748 trianguli
623 1672 696 1745 dec,
720 1690 789 1748 ergo
812 1671 906 1729 latere
930 1689 965 1730 aa
987 1671 1085 1746 posito

70 1759 221 1818 communi
244 1759 286 1818 eis
310 1758 367 1817 erit
389 1760 549 1818 secundnm
571 1759 779 1836 probationem
800 1760 893 1836 figure
915 1762 968 1819 26θ
991 1760 1086 1835 prime

70 1848 168 1923 partis
190 1848 270 1907 latus
294 1865 333 1907 eo
355 1849 460 1924 equale
481 1849 569 1908 lateri
589 1850 640 1907 eu:
665 1868 734 1925 ergo
753 1849 833 1906 linea
853 1850 888 1907 cb
908 1852 952 1908 est
971 1848 1086 1924 equalis

69 1937 149 1995 lineo
179 1954 228 2011 ep,
256 1938 286 1995 et
309 1938 437 2015 angulus
462 1939 528 2013 bet,
554 1937 717 1996 secundum
739 1937 820 2012 quod
843 1940 995 1996 ostensum
1017 1937 1085 2010 suit,

71 2029 118 2084 est
141 2025 257 2102 equalis
280 2027 390 2102 angulo
412 2030 474 2101 pet.
518 2025 644 2102 Sumpta
666 2026 768 2100 itaque
791 2025 871 2084 linea
890 2031 920 2084 ct
938 2026 1086 2085 communi
1100 2040 1127 2080 ao

71 2117 160 2173 erunt
182 2115 239 2173 duo
263 2114 360 2173 latera
379 2133 420 2189 pe
442 2118 473 2173 et
496 2120 526 2174 et
548 2115 667 2190 aqualia
690 2114 805 2172 duobus
828 2114 972 2173 lateribus
996 2116 1033 2172 be
1056 2117 1087 2172 et

71 2208 111 2277 et,
139 2206 170 2261 et
196 2194 325 2279 angulus
345 2208 400 2278 yet
422 2206 469 2263 est
491 2204 605 2280 equalis
629 2204 740 2280 angulo
764 2203 828 2261 bct:
857 2221 927 2278 ergo
949 2202 1029 2260 basis
1054 2204 1087 2261 bt

70 2295 118 2351 est
140 2292 255 2367 equalis
277 2292 344 2350 basi
366 2297 407 2366 tp,
431 2295 461 2352 et
480 2294 606 2370 angulus
626 2294 676 2351 etb
696 2294 742 2350 est
760 2291 874 2365 equalis
893 2292 1003 2367 angulo
1024 2295 1086 2365 etp,

70 2400 143 2457 ergo
169 2381 228 2456 ipsi
256 2383 326 2438 sunt
352 2380 434 2439 recti.
483 2383 563 2459 Ergo
592 2399 682 2456 supra
708 2380 819 2438 lineam
842 2382 895 2454 bgr,
922 2399 981 2455 que
1004 2378 1086 2437 cadit

68 2470 102 2527 in
125 2469 236 2529 circulo
259 2470 357 2544 obad,
379 2469 440 2528 iam
462 2470 604 2530 transivit
626 2464 747 2547 (linea)
770 2470 831 2542 eth,
854 2489 911 2544 qne
933 2469 1031 2544 ipsam
1053 2468 1125 2527 inas

70 2558 131 2617 duo
154 2557 254 2616 media
277 2558 514 2635 orthogonaliter
536 2558 682 2618 divisivit:
706 2577 777 2634 ergo
800 2557 961 2616 secundum
979 2558 1086 2633 proba·

70 2647 185 2706 tionem
206 2645 300 2723 figure
323 2647 414 2705 tercie
436 2648 524 2706 huius
542 2648 637 2723 partis
657 2665 746 2722 supra
764 2646 874 2705 lineam
894 2649 966 2707 etat
986 2646 1087 2705 existit

70 2739 207 2795 centrum
229 2734 346 2808 circuli3
370 2739 401 2794 et
423 2735 498 2795 illud
521 2739 575 2810 est,
598 2736 680 2811 quod
703 2736 905 2795 demonstrare
927 2735 1085 2795 voluimus.

137 2824 223 2883 Dixit
250 2823 342 2882 etiam
367 2824 501 2884 Ymnns:
530 2825 562 2882 Si
590 2825 658 2900 quis
680 2823 802 2899 dixerit,
827 2824 907 2898 quod
929 2825 985 2883 due
1008 2824 1086 2882 linae

70 2915 193 2990 equales
225 2915 328 2972 secant
360 2931 392 2972 se
418 2913 499 2971 intra
527 2913 669 2972 circulum
697 2914 787 2987 oqu
814 2931 905 2989 supra
932 2916 1035 2972 notam
1063 2931 1086 2988 e,
1100 2927 1127 2967 ao

69 3003 147 3062 sicut
176 3001 257 3060 linea
289 3020 331 3076 op
358 3004 439 3061 secat
467 3002 578 3062 lineam
606 3004 661 3076 bd,
693 3005 764 3060 tuno
792 3001 902 3076 dicam,
935 3002 1014 3078 qnod
1041 3004 1087 3060 est

68 3091 223 3168 possibile,
242 3090 316 3166 quin
335 3093 470 3149 centrum
488 3091 528 3150 sit
547 3094 599 3150 ant
618 3110 708 3166 supra
728 3091 888 3150 sectionem
903 3110 1087 3150 communem

69 3179 185 3239 duabus
209 3179 297 3238 lineis
320 3197 363 3253 cp
385 3181 415 3237 et
434 3181 485 3254 bd,
508 3180 622 3239 scilicet
640 3197 732 3255 supra
749 3182 853 3240 notam
872 3198 894 3254 e,
917 3183 971 3238 aut
987 3183 1087 3256 preter

70 3288 144 3329 eam.
193 3267 278 3337 Quod
305 3267 330 3326 si
359 3268 499 3327 ceciderit
522 3287 613 3346 supra
636 3272 739 3327 notam
763 3286 789 3346 e,
816 3287 885 3345 ergo
908 3268 1006 3345 ipsum
1030 3267 1087 3326 erit

144 3479 167 3525 1.
186 3470 218 3525 in
236 3487 279 3525 ea.
302 3503 336 3512 -
360 3477 384 3526 b.
404 3470 525 3546 YrinusJ
543 3491 624 3529 unus.
648 3505 683 3512 —
708 3478 732 3528 1.
752 3472 874 3544 angulus
893 3474 1015 3543 111-
1037 3487 1089 3523 au-

67 3542 138 3612 gulo
157 3544 224 3612 bdff.
245 3573 278 3582 -
296 3548 337 3598 23.
358 3559 425 3614 ergo
443 3545 577 3620 angulus.
