2340 3834
378 190 428 244 AD
446 189 631 245 EUGLIDEM
648 190 716 246 LIB.
730 189 763 244 X.
1004 189 1067 254 367

60 361 101 420 nt
133 359 257 438 signabo
286 359 360 418 duos
386 377 523 418 numeros
551 359 727 435 quadratos,
760 361 790 418 ot
816 378 876 417 non
903 358 943 418 sit
970 376 1070 435 super-

60 451 156 508 fluum
179 467 279 507 eorum
303 448 475 524 quadratus,
498 467 556 524 quo
580 449 640 508 sint
657 450 707 524 de,
730 449 779 523 da,
802 451 950 507 eteorum
968 466 1070 524 super·

59 539 154 597 flunm
177 541 222 597 ost
245 555 292 612 θη
320 541 350 597 et
371 557 494 614 ponam,
517 540 553 597 ut
576 537 615 597 sit
636 537 790 614 proportio
814 539 853 596 de
876 537 914 595 ad
937 555 971 596 ea
993 537 1071 596 siout

273 742 520 779 t-——t

356 833 441 887 radix
459 834 497 885 80

96 974 113 1027 9
766 957 1026 1017 hraidoomeacundum
1042 956 1057 1010 b

109 1027 777 1064 ———————1
1044 1030 1048 1065 t

415 1438 509 1477 novem

61 1570 215 1647 proportio
253 1570 393 1646 quadrati
429 1574 471 1646 by
503 1572 540 1630 ad
572 1571 753 1647 quadratum
781 1573 836 1647 91³3
874 1574 904 1630 et
936 1570 1072 1630 similitor

63 1660 226 1734 ostendam,
250 1659 330 1735 quod
353 1662 393 1719 bt
416 1664 461 1720 est
478 1660 637 1736 residuum,
661 1664 691 1720 et
709 1661 788 1737 quod
807 1663 846 1734 by
863 1663 962 1737 potest
980 1677 1072 1735 supra
1098 1677 1112 1718 o

59 1750 103 1822 qt
131 1767 198 1806 oum
224 1752 384 1826 augmento
412 1749 564 1825 quadrati,
592 1751 675 1808 onius
702 1742 790 1808 lateri
818 1749 1016 1808 communicat
1039 1749 1072 1805 in

61 1837 262 1914 longitudine,
290 1840 320 1896 et
340 1840 383 1912 qt
405 1838 604 1898 communicat
626 1858 645 1898 a
667 1838 809 1897 rationali
831 1838 899 1898 data
921 1838 953 1896 in
975 1837 1072 1915 longi-

61 1925 179 1985 tudine:
216 1944 286 2004 ergo
319 1929 358 1986 bo
390 1930 435 1987 ast
465 1927 616 1986 residuum
647 1927 819 2002 secundum3
852 1931 883 1986 et
912 1926 987 1986 iilud
1019 1930 1073 2002 ost,

63 2014 141 2092 quod
165 2014 365 2074 demonstrare
388 2016 545 2075 voluimus.

152 2103 237 2162 Volo
260 2103 423 2163 invenire
446 2103 626 2162 residuum
648 2103 799 2163 tertium
820 2096 1012 2185 binomii.¹)
1086 2123 1112 2162 10

118 2639 541 2739 W
551 2632 690 2686 residmom
699 2630 811 2684 terciam

356 2986 450 3024 ‘novem

155 3120 269 3180 Ponam
290 3119 392 3195 itaquo
414 3120 525 3178 lineam
547 3119 765 3178 orationalem
788 3119 818 3176 et
840 3116 913 3175 duos
936 3133 1075 3174 numeros

68 3209 238 3286 quadratoa
261 3226 387 3283 quorum
409 3208 588 3284 superfluum
610 3226 669 3266 non
690 3207 729 3266 sit
747 3205 920 3282 quadratus,
943 3205 994 3281 qui
1013 3206 1074 3264 sint

139 3368 163 3418 2.
183 3377 237 3429 que
256 3359 325 3430 sint]
343 3361 394 3427 qffi
409 3358 473 3414 sint.

140 3509 166 3575 1)
188 3504 317 3558 Encmn
336 3499 456 3556 cmm
478 3501 518 3572 x,
535 3504 571 3555 aa
598 3499 760 3572 (amman
772 3498 903 3567 afflant.
930 3497 1099 3547 natanta

60 3577 170 3632 maiam
182 3574 363 3645 permotam,
