<?xml version="1.0" encoding="UTF-8"?>
<!DOCTYPE html PUBLIC "-//W3C//DTD XHTML 1.0 Transitional//EN"
    "http://www.w3.org/TR/xhtml1/DTD/xhtml1-transitional.dtd">
<html xmlns="http://www.w3.org/1999/xhtml" xml:lang="en" lang="en">
 <head>
  <title>
</title>
<meta http-equiv="Content-Type" content="text/html;charset=utf-8" />
  <meta name='ocr-system' content='tesseract 3.04.00' />
  <meta name='ocr-capabilities' content='ocr_page ocr_carea ocr_par ocr_line ocrx_word'/>
</head>
<body>
  <div class='ocr_page' id='page_1' title='image "./euclidisoperaom14unkngoog_0261.png"; bbox 0 0 2340 3834; ppageno 0'>
   <div class='ocr_carea' id='block_1_1' title="bbox 88 166 816 232">
    <p class='ocr_par' dir='ltr' id='par_1_1' title="bbox 88 166 816 232">
     <span class='ocr_line' id='line_1_1' title="bbox 88 166 816 232; baseline -0.016 1"><span class='ocrx_word' id='word_1_1' title='bbox 88 168 154 232; x_wconf 76' lang='grc'>224</span> <span class='ocrx_word' id='word_1_2' title='bbox 374 168 540 223; x_wconf 82' lang='lat' dir='ltr'><strong>ANARITH</strong></span> <span class='ocrx_word' id='word_1_3' title='bbox 558 166 816 223; x_wconf 77' lang='lat' dir='ltr'>COMMENTARII</span> 
     </span>
    </p>
   </div>
   <div class='ocr_carea' id='block_1_2' title="bbox 62 324 1170 768">
    <p class='ocr_par' dir='ltr' id='par_1_2' title="bbox 76 324 1170 680">
     <span class='ocr_line' id='line_1_2' title="bbox 76 324 1095 418; baseline 0 -22"><span class='ocrx_word' id='word_1_4' title='bbox 76 324 187 413; x_wconf 55' lang='lat' dir='ltr'>&#39;portio</span> <span class='ocrx_word' id='word_1_5' title='bbox 204 328 207 418; x_wconf 63' lang='lat' dir='ltr'>l</span> <span class='ocrx_word' id='word_1_6' title='bbox 224 336 341 395; x_wconf 90' lang='lat' dir='ltr'>numeri</span> <span class='ocrx_word' id='word_1_7' title='bbox 355 337 496 412; x_wconf 89' lang='lat' dir='ltr'>quadrati</span> <span class='ocrx_word' id='word_1_8' title='bbox 510 337 719 396; x_wconf 89' lang='lat' dir='ltr'>adnumerum</span> <span class='ocrx_word' id='word_1_9' title='bbox 733 337 926 413; x_wconf 79' lang='lat' dir='ltr'>quadratnm3</span> <span class='ocrx_word' id='word_1_10' title='bbox 943 340 974 396; x_wconf 84' lang='lat' dir='ltr'>et</span> <span class='ocrx_word' id='word_1_11' title='bbox 987 357 1095 414; x_wconf 91' lang='lat' dir='ltr'>ponam</span> 
     </span>
     <span class='ocr_line' id='line_1_3' title="bbox 88 425 1086 504; baseline 0.001 -21"><span class='ocrx_word' id='word_1_12' title='bbox 88 426 200 483; x_wconf 87' lang='lat' dir='ltr'>lineam</span> <span class='ocrx_word' id='word_1_13' title='bbox 222 426 262 484; x_wconf 85' lang='lat' dir='ltr'>de</span> <span class='ocrx_word' id='word_1_14' title='bbox 288 425 466 484; x_wconf 74' lang='lat' dir='ltr'><strong>rationalem</strong></span> <span class='ocrx_word' id='word_1_15' title='bbox 488 426 520 483; x_wconf 91' lang='lat' dir='ltr'>in</span> <span class='ocrx_word' id='word_1_16' title='bbox 543 427 743 504; x_wconf 78' lang='lat' dir='ltr'>longitudine,</span> <span class='ocrx_word' id='word_1_17' title='bbox 776 430 807 485; x_wconf 91' lang='lat' dir='ltr'>et</span> <span class='ocrx_word' id='word_1_18' title='bbox 833 428 890 486; x_wconf 90' lang='lat' dir='ltr'>hoe</span> <span class='ocrx_word' id='word_1_19' title='bbox 914 428 972 503; x_wconf 87' lang='lat' dir='ltr'>est,</span> <span class='ocrx_word' id='word_1_20' title='bbox 1004 430 1039 484; x_wconf 91' lang='lat' dir='ltr'>ut</span> <span class='ocrx_word' id='word_1_21' title='bbox 1062 428 1086 486; x_wconf 85' lang='lat' dir='ltr'>si</span> 
     </span>
     <span class='ocr_line' id='line_1_4' title="bbox 89 508 1142 592; baseline 0.003 -20"><span class='ocrx_word' id='word_1_22' title='bbox 89 514 310 572; x_wconf 83' lang='lat' dir='ltr'>communicans</span> <span class='ocrx_word' id='word_1_23' title='bbox 342 508 432 592; x_wconf 70' lang='lat' dir='ltr'>(vel)</span> <span class='ocrx_word' id='word_1_24' title='bbox 464 515 580 590; x_wconf 82' lang='lat' dir='ltr'>equalis</span> <span class='ocrx_word' id='word_1_25' title='bbox 613 516 704 575; x_wconf 90' lang='lat' dir='ltr'>alioui</span> <span class='ocrx_word' id='word_1_26' title='bbox 730 515 808 574; x_wconf 87' lang='lat' dir='ltr'>lineo</span> <span class='ocrx_word' id='word_1_27' title='bbox 842 516 923 591; x_wconf 89' lang='lat' dir='ltr'>apud</span> <span class='ocrx_word' id='word_1_28' title='bbox 950 534 1005 574; x_wconf 88' lang='lat' dir='ltr'>nos</span> <span class='ocrx_word' id='word_1_29' title='bbox 1032 516 1070 574; x_wconf 91' lang='lat' dir='ltr'>da</span> <span class='ocrx_word' id='word_1_30' title='bbox 1088 541 1142 575; x_wconf 47' lang='lat' dir='ltr'><em>z</em></span> 
     </span>
     <span class='ocr_line' id='line_1_5' title="bbox 87 603 1170 680; baseline 0.002 -20"><span class='ocrx_word' id='word_1_31' title='bbox 87 603 231 661; x_wconf 78' lang='lat' dir='ltr'>rationali</span> <span class='ocrx_word' id='word_1_32' title='bbox 252 603 284 660; x_wconf 90' lang='lat' dir='ltr'>in</span> <span class='ocrx_word' id='word_1_33' title='bbox 307 603 503 680; x_wconf 82' lang='lat' dir='ltr'>longitudine,</span> <span class='ocrx_word' id='word_1_34' title='bbox 526 623 616 680; x_wconf 90' lang='lat' dir='ltr'>supra</span> <span class='ocrx_word' id='word_1_35' title='bbox 635 623 726 680; x_wconf 92' lang='lat' dir='ltr'>quam</span> <span class='ocrx_word' id='word_1_36' title='bbox 743 604 853 664; x_wconf 79' lang='lat' dir='ltr'>faciam</span> <span class='ocrx_word' id='word_1_37' title='bbox 872 604 1040 663; x_wconf 80' lang='lat' dir='ltr'>semiciroul</span> <span class='ocrx_word' id='word_1_38' title='bbox 1069 632 1083 657; x_wconf 79' lang='lat' dir='ltr'>u</span> <span class='ocrx_word' id='word_1_39' title='bbox 1147 650 1170 676; x_wconf 74' lang='grc'><strong>,</strong></span> 
     </span>
    </p>

    <p class='ocr_par' dir='ltr' id='par_1_3' title="bbox 62 693 1078 768">
     <span class='ocr_line' id='line_1_6' title="bbox 62 693 1078 768; baseline 0 -18"><span class='ocrx_word' id='word_1_40' title='bbox 62 694 120 750; x_wconf 68' lang='lat' dir='ltr'>bet</span> <span class='ocrx_word' id='word_1_41' title='bbox 142 711 264 768; x_wconf 87' lang='lat' dir='ltr'>ponam,</span> <span class='ocrx_word' id='word_1_42' title='bbox 288 695 324 750; x_wconf 93' lang='lat' dir='ltr'>ut</span> <span class='ocrx_word' id='word_1_43' title='bbox 345 693 500 767; x_wconf 77' lang='lat' dir='ltr'>proportio</span> <span class='ocrx_word' id='word_1_44' title='bbox 523 694 562 752; x_wconf 86' lang='lat' dir='ltr'>de</span> <span class='ocrx_word' id='word_1_45' title='bbox 585 693 624 752; x_wconf 89' lang='lat' dir='ltr'>ad</span> <span class='ocrx_word' id='word_1_46' title='bbox 647 695 683 752; x_wconf 78' lang='lat' dir='ltr'>et</span> <span class='ocrx_word' id='word_1_47' title='bbox 706 693 745 752; x_wconf 91' lang='lat' dir='ltr'>sit</span> <span class='ocrx_word' id='word_1_48' title='bbox 768 694 845 752; x_wconf 87' lang='lat' dir='ltr'>siout</span> <span class='ocrx_word' id='word_1_49' title='bbox 867 694 1022 768; x_wconf 87' lang='lat' dir='ltr'>proportio</span> <span class='ocrx_word' id='word_1_50' title='bbox 1045 714 1078 750; x_wconf 83' lang='lat' dir='ltr'>n·</span> 
     </span>
    </p>
   </div>
   <div class='ocr_carea' id='block_1_3' title="bbox 51 1453 1140 3305">
    <p class='ocr_par' dir='ltr' id='par_1_4' title="bbox 51 1453 1140 3305">
     <span class='ocr_line' id='line_1_7' title="bbox 88 1453 1140 1531; baseline 0.006 -21"><span class='ocrx_word' id='word_1_51' title='bbox 88 1453 163 1511; x_wconf 88' lang='lat' dir='ltr'>meri</span> <span class='ocrx_word' id='word_1_52' title='bbox 187 1454 228 1512; x_wconf 81' lang='lat' dir='ltr'>ab</span> <span class='ocrx_word' id='word_1_53' title='bbox 252 1453 289 1509; x_wconf 91' lang='lat' dir='ltr'>ad</span> <span class='ocrx_word' id='word_1_54' title='bbox 312 1472 469 1510; x_wconf 89' lang='lat' dir='ltr'>numerum</span> <span class='ocrx_word' id='word_1_55' title='bbox 488 1455 539 1528; x_wconf 77' lang='lat' dir='ltr'>lp:</span> <span class='ocrx_word' id='word_1_56' title='bbox 566 1473 637 1531; x_wconf 86' lang='lat' dir='ltr'>ergo</span> <span class='ocrx_word' id='word_1_57' title='bbox 659 1456 699 1513; x_wconf 81' lang='lat' dir='ltr'>ola</span> <span class='ocrx_word' id='word_1_58' title='bbox 721 1458 767 1513; x_wconf 90' lang='lat' dir='ltr'>est</span> <span class='ocrx_word' id='word_1_59' title='bbox 788 1455 1041 1514; x_wconf 77' lang='lat' dir='ltr'>incommunioans</span> <span class='ocrx_word' id='word_1_60' title='bbox 1077 1460 1140 1516; x_wconf 64' lang='lat' dir='ltr'>et</span> 
     </span>
     <span class='ocr_line' id='line_1_8' title="bbox 89 1541 1134 1620; baseline 0.006 -21"><span class='ocrx_word' id='word_1_61' title='bbox 89 1541 120 1599; x_wconf 88' lang='lat' dir='ltr'>in</span> <span class='ocrx_word' id='word_1_62' title='bbox 144 1541 338 1618; x_wconf 86' lang='lat' dir='ltr'>longitudine.</span> <span class='ocrx_word' id='word_1_63' title='bbox 376 1541 490 1599; x_wconf 88' lang='lat' dir='ltr'>Deinde</span> <span class='ocrx_word' id='word_1_64' title='bbox 512 1544 686 1618; x_wconf 74' lang='lat' dir='ltr'>protraham</span> <span class='ocrx_word' id='word_1_65' title='bbox 705 1545 980 1620; x_wconf 80' lang='lat' dir='ltr'>perpendicularem</span> <span class='ocrx_word' id='word_1_66' title='bbox 998 1545 1044 1617; x_wconf 74' lang='lat' dir='ltr'>alt,</span> <span class='ocrx_word' id='word_1_67' title='bbox 1104 1551 1134 1605; x_wconf 85' lang='lat' dir='ltr'>et</span> 
     </span>
     <span class='ocr_line' id='line_1_9' title="bbox 90 1631 1126 1708; baseline 0.004 -20"><span class='ocrx_word' id='word_1_68' title='bbox 90 1631 269 1706; x_wconf 80' lang='lat' dir='ltr'>coniungam</span> <span class='ocrx_word' id='word_1_69' title='bbox 296 1633 407 1704; x_wconf 87' lang='lat' dir='ltr'>punota</span> <span class='ocrx_word' id='word_1_70' title='bbox 434 1632 466 1706; x_wconf 83' lang='lat' dir='ltr'>d,</span> <span class='ocrx_word' id='word_1_71' title='bbox 484 1649 501 1690; x_wconf 78' lang='lat' dir='ltr'>a</span> <span class='ocrx_word' id='word_1_72' title='bbox 529 1634 559 1689; x_wconf 89' lang='lat' dir='ltr'>et</span> <span class='ocrx_word' id='word_1_73' title='bbox 580 1650 642 1706; x_wconf 77' lang='lat' dir='ltr'>a,e</span> <span class='ocrx_word' id='word_1_74' title='bbox 668 1633 869 1708; x_wconf 90' lang='lat' dir='ltr'>protrahendo</span> <span class='ocrx_word' id='word_1_75' title='bbox 892 1633 999 1690; x_wconf 89' lang='lat' dir='ltr'>lineas:</span> <span class='ocrx_word' id='word_1_76' title='bbox 1017 1632 1126 1692; x_wconf 54' lang='lat' dir='ltr'>‘dico</span> 
     </span>
     <span class='ocr_line' id='line_1_10' title="bbox 90 1718 1120 1796; baseline 0.005 -21"><span class='ocrx_word' id='word_1_77' title='bbox 90 1719 193 1795; x_wconf 82' lang='lat' dir='ltr'>igitur,</span> <span class='ocrx_word' id='word_1_78' title='bbox 218 1718 298 1793; x_wconf 93' lang='lat' dir='ltr'>quod</span> <span class='ocrx_word' id='word_1_79' title='bbox 321 1719 378 1777; x_wconf 91' lang='lat' dir='ltr'>due</span> <span class='ocrx_word' id='word_1_80' title='bbox 401 1719 539 1780; x_wconf 73' lang='lat' dir='ltr'>linearia</span> <span class='ocrx_word' id='word_1_81' title='bbox 563 1723 593 1778; x_wconf 89' lang='lat' dir='ltr'>et</span> <span class='ocrx_word' id='word_1_82' title='bbox 614 1738 650 1780; x_wconf 72' lang='lat' dir='ltr'>aa</span> <span class='ocrx_word' id='word_1_83' title='bbox 673 1721 798 1780; x_wconf 89' lang='lat' dir='ltr'>suntin</span> <span class='ocrx_word' id='word_1_84' title='bbox 820 1722 957 1796; x_wconf 89' lang='lat' dir='ltr'>potentia</span> <span class='ocrx_word' id='word_1_85' title='bbox 979 1723 1120 1780; x_wconf 83' lang='lat' dir='ltr'>tanturn</span> 
     </span>
     <span class='ocr_line' id='line_1_11' title="bbox 52 1806 1113 1887; baseline 0.005 -24"><span class='ocrx_word' id='word_1_86' title='bbox 52 1806 253 1887; x_wconf 33' lang='lat' dir='ltr'>105rationales</span> <span class='ocrx_word' id='word_1_87' title='bbox 277 1810 307 1865; x_wconf 90' lang='lat' dir='ltr'>et</span> <span class='ocrx_word' id='word_1_88' title='bbox 330 1807 515 1867; x_wconf 80' lang='lat' dir='ltr'>continentes</span> <span class='ocrx_word' id='word_1_89' title='bbox 535 1809 719 1884; x_wconf 80' lang='lat' dir='ltr'>superficiem</span> <span class='ocrx_word' id='word_1_90' title='bbox 737 1810 924 1868; x_wconf 77' lang='lat' dir='ltr'>rationalem.</span> <span class='ocrx_word' id='word_1_91' title='bbox 957 1807 1113 1869; x_wconf 80' lang='lat' dir='ltr'>Probatio</span> 
     </span>
     <span class='ocr_line' id='line_1_12' title="bbox 91 1894 1107 1975; baseline 0.003 -23"><span class='ocrx_word' id='word_1_92' title='bbox 91 1895 161 1952; x_wconf 79' lang='lat' dir='ltr'>eiua.</span> <span class='ocrx_word' id='word_1_93' title='bbox 217 1894 363 1964; x_wconf 80' lang='lat' dir='ltr'>Quoniam</span> <span class='ocrx_word' id='word_1_94' title='bbox 390 1897 545 1972; x_wconf 84' lang='lat' dir='ltr'>proportio</span> <span class='ocrx_word' id='word_1_95' title='bbox 569 1899 610 1957; x_wconf 81' lang='lat' dir='ltr'>ab</span> <span class='ocrx_word' id='word_1_96' title='bbox 640 1898 678 1956; x_wconf 88' lang='lat' dir='ltr'>ad</span> <span class='ocrx_word' id='word_1_97' title='bbox 700 1900 740 1973; x_wconf 70' lang='lat' dir='ltr'>by</span> <span class='ocrx_word' id='word_1_98' title='bbox 772 1902 817 1957; x_wconf 89' lang='lat' dir='ltr'>est</span> <span class='ocrx_word' id='word_1_99' title='bbox 845 1900 923 1957; x_wconf 88' lang='lat' dir='ltr'>siout</span> <span class='ocrx_word' id='word_1_100' title='bbox 945 1895 1107 1975; x_wconf 78' lang='lat' dir='ltr'>proportio</span> 
     </span>
     <span class='ocr_line' id='line_1_13' title="bbox 90 1985 1101 2062; baseline 0 -20"><span class='ocrx_word' id='word_1_101' title='bbox 90 1985 130 2042; x_wconf 85' lang='lat' dir='ltr'>de</span> <span class='ocrx_word' id='word_1_102' title='bbox 158 1985 196 2041; x_wconf 89' lang='lat' dir='ltr'>ad</span> <span class='ocrx_word' id='word_1_103' title='bbox 219 1986 269 2060; x_wconf 82' lang='lat' dir='ltr'>eh,</span> <span class='ocrx_word' id='word_1_104' title='bbox 302 2005 371 2061; x_wconf 83' lang='lat' dir='ltr'>ergo</span> <span class='ocrx_word' id='word_1_105' title='bbox 400 1986 553 2061; x_wconf 89' lang='lat' dir='ltr'>proportio</span> <span class='ocrx_word' id='word_1_106' title='bbox 577 1989 617 2046; x_wconf 81' lang='lat' dir='ltr'>de</span> <span class='ocrx_word' id='word_1_107' title='bbox 644 1987 683 2045; x_wconf 92' lang='lat' dir='ltr'>ad</span> <span class='ocrx_word' id='word_1_108' title='bbox 706 1989 743 2045; x_wconf 74' lang='lat' dir='ltr'>ela</span> <span class='ocrx_word' id='word_1_109' title='bbox 770 2007 830 2046; x_wconf 89' lang='lat' dir='ltr'>non</span> <span class='ocrx_word' id='word_1_110' title='bbox 858 1991 904 2046; x_wconf 89' lang='lat' dir='ltr'>est</span> <span class='ocrx_word' id='word_1_111' title='bbox 931 1988 1009 2045; x_wconf 87' lang='lat' dir='ltr'>siout</span> <span class='ocrx_word' id='word_1_112' title='bbox 1030 2003 1101 2062; x_wconf 92' lang='lat' dir='ltr'>pro-</span> 
     </span>
     <span class='ocr_line' id='line_1_14' title="bbox 90 2072 1095 2151; baseline 0.002 -21"><span class='ocrx_word' id='word_1_113' title='bbox 90 2072 188 2148; x_wconf 87' lang='lat' dir='ltr'>portio</span> <span class='ocrx_word' id='word_1_114' title='bbox 212 2074 325 2132; x_wconf 89' lang='lat' dir='ltr'>numeri</span> <span class='ocrx_word' id='word_1_115' title='bbox 350 2074 491 2149; x_wconf 90' lang='lat' dir='ltr'>quadrati</span> <span class='ocrx_word' id='word_1_116' title='bbox 514 2075 552 2133; x_wconf 95' lang='lat' dir='ltr'>ad</span> <span class='ocrx_word' id='word_1_117' title='bbox 575 2095 733 2133; x_wconf 91' lang='lat' dir='ltr'>numerum</span> <span class='ocrx_word' id='word_1_118' title='bbox 757 2076 945 2150; x_wconf 88' lang='lat' dir='ltr'>quadratum.</span> <span class='ocrx_word' id='word_1_119' title='bbox 992 2075 1095 2151; x_wconf 80' lang='lat' dir='ltr'>Super-</span> 
     </span>
     <span class='ocr_line' id='line_1_15' title="bbox 90 2159 1091 2242; baseline 0.001 -24"><span class='ocrx_word' id='word_1_120' title='bbox 90 2161 169 2221; x_wconf 87' lang='lat' dir='ltr'>fioies</span> <span class='ocrx_word' id='word_1_121' title='bbox 193 2162 298 2239; x_wconf 87' lang='lat' dir='ltr'>igitur,</span> <span class='ocrx_word' id='word_1_122' title='bbox 330 2182 420 2239; x_wconf 91' lang='lat' dir='ltr'>quam</span> <span class='ocrx_word' id='word_1_123' title='bbox 446 2163 505 2238; x_wconf 88' lang='lat' dir='ltr'>ipsi</span> <span class='ocrx_word' id='word_1_124' title='bbox 528 2165 692 2239; x_wconf 80' lang='lat' dir='ltr'>continent,</span> <span class='ocrx_word' id='word_1_125' title='bbox 721 2167 767 2222; x_wconf 91' lang='lat' dir='ltr'>est</span> <span class='ocrx_word' id='word_1_126' title='bbox 792 2165 949 2223; x_wconf 86' lang='lat' dir='ltr'>rationalis</span> <span class='ocrx_word' id='word_1_127' title='bbox 972 2159 1023 2242; x_wconf 83' lang='lat' dir='ltr'>&lt;in</span> <span class='ocrx_word' id='word_1_128' title='bbox 1045 2180 1091 2239; x_wconf 92' lang='lat' dir='ltr'>po·</span> 
     </span>
     <span class='ocr_line' id='line_1_16' title="bbox 52 2246 1089 2330; baseline -0.002 -21"><span class='ocrx_word' id='word_1_129' title='bbox 52 2260 77 2300; x_wconf 83' lang='lat'>15</span> <span class='ocrx_word' id='word_1_130' title='bbox 90 2246 222 2330; x_wconf 81' lang='lat' dir='ltr'>tantia),</span> <span class='ocrx_word' id='word_1_131' title='bbox 260 2255 290 2310; x_wconf 92' lang='lat' dir='ltr'>et</span> <span class='ocrx_word' id='word_1_132' title='bbox 325 2252 405 2310; x_wconf 89' lang='lat' dir='ltr'>linea</span> <span class='ocrx_word' id='word_1_133' title='bbox 440 2255 546 2328; x_wconf 90' lang='lat' dir='ltr'>potens</span> <span class='ocrx_word' id='word_1_134' title='bbox 584 2272 674 2328; x_wconf 87' lang='lat' dir='ltr'>supra</span> <span class='ocrx_word' id='word_1_135' title='bbox 710 2253 795 2310; x_wconf 92' lang='lat' dir='ltr'>illam</span> <span class='ocrx_word' id='word_1_136' title='bbox 832 2253 1016 2329; x_wconf 81' lang='lat' dir='ltr'>superficiem</span> <span class='ocrx_word' id='word_1_137' title='bbox 1051 2251 1089 2309; x_wconf 88' lang='lat' dir='ltr'>est</span> 
     </span>
     <span class='ocr_line' id='line_1_17' title="bbox 90 2340 1087 2417; baseline -0.002 -19"><span class='ocrx_word' id='word_1_138' title='bbox 90 2340 272 2399; x_wconf 88' lang='lat' dir='ltr'>irrationalis</span> <span class='ocrx_word' id='word_1_139' title='bbox 299 2341 330 2397; x_wconf 92' lang='lat' dir='ltr'>in</span> <span class='ocrx_word' id='word_1_140' title='bbox 353 2340 547 2417; x_wconf 83' lang='lat' dir='ltr'>longitudine.</span> <span class='ocrx_word' id='word_1_141' title='bbox 592 2340 686 2400; x_wconf 88' lang='lat' dir='ltr'>Linea</span> <span class='ocrx_word' id='word_1_142' title='bbox 708 2361 792 2413; x_wconf 87' lang='lat' dir='ltr'>vero,</span> <span class='ocrx_word' id='word_1_143' title='bbox 820 2362 878 2417; x_wconf 90' lang='lat' dir='ltr'>que</span> <span class='ocrx_word' id='word_1_144' title='bbox 901 2361 992 2417; x_wconf 90' lang='lat' dir='ltr'>supra</span> <span class='ocrx_word' id='word_1_145' title='bbox 1014 2342 1087 2399; x_wconf 89' lang='lat' dir='ltr'>illam</span> 
     </span>
     <span class='ocr_line' id='line_1_18' title="bbox 91 2429 1085 2507; baseline -0.001 -21"><span class='ocrx_word' id='word_1_146' title='bbox 91 2429 276 2505; x_wconf 83' lang='lat' dir='ltr'>superficiem</span> <span class='ocrx_word' id='word_1_147' title='bbox 298 2431 410 2505; x_wconf 89' lang='lat' dir='ltr'>potest,</span> <span class='ocrx_word' id='word_1_148' title='bbox 438 2433 484 2488; x_wconf 87' lang='lat' dir='ltr'>est</span> <span class='ocrx_word' id='word_1_149' title='bbox 505 2431 585 2488; x_wconf 89' lang='lat' dir='ltr'>linea</span> <span class='ocrx_word' id='word_1_150' title='bbox 607 2449 655 2490; x_wconf 75' lang='lat' dir='ltr'>ae:</span> <span class='ocrx_word' id='word_1_151' title='bbox 686 2449 756 2507; x_wconf 82' lang='lat' dir='ltr'>ergo</span> <span class='ocrx_word' id='word_1_152' title='bbox 777 2431 859 2488; x_wconf 92' lang='lat' dir='ltr'>linea</span> <span class='ocrx_word' id='word_1_153' title='bbox 881 2449 917 2489; x_wconf 75' lang='lat' dir='ltr'>aa</span> <span class='ocrx_word' id='word_1_154' title='bbox 940 2433 985 2489; x_wconf 88' lang='lat' dir='ltr'>est</span> <span class='ocrx_word' id='word_1_155' title='bbox 1006 2429 1085 2488; x_wconf 87' lang='lat' dir='ltr'>ratio-</span> 
     </span>
     <span class='ocr_line' id='line_1_19' title="bbox 90 2511 1086 2597; baseline -0.001 -23"><span class='ocrx_word' id='word_1_156' title='bbox 90 2517 166 2575; x_wconf 89' lang='lat' dir='ltr'>nalis</span> <span class='ocrx_word' id='word_1_157' title='bbox 198 2518 230 2574; x_wconf 90' lang='lat' dir='ltr'>in</span> <span class='ocrx_word' id='word_1_158' title='bbox 261 2518 398 2594; x_wconf 89' lang='lat' dir='ltr'>potentia</span> <span class='ocrx_word' id='word_1_159' title='bbox 429 2511 481 2594; x_wconf 77' lang='lat' dir='ltr'>&lt;et</span> <span class='ocrx_word' id='word_1_160' title='bbox 512 2518 693 2577; x_wconf 87' lang='lat' dir='ltr'>irrationalis</span> <span class='ocrx_word' id='word_1_161' title='bbox 725 2519 757 2576; x_wconf 89' lang='lat' dir='ltr'>in</span> <span class='ocrx_word' id='word_1_162' title='bbox 789 2516 1004 2597; x_wconf 75' lang='lat' dir='ltr'>longitudine).</span> <span class='ocrx_word' id='word_1_163' title='bbox 1053 2515 1086 2574; x_wconf 78' lang='lat' dir='ltr'>at</span> 
     </span>
     <span class='ocr_line' id='line_1_20' title="bbox 91 2604 1085 2681; baseline 0 -19"><span class='ocrx_word' id='word_1_164' title='bbox 91 2604 228 2663; x_wconf 89' lang='lat' dir='ltr'>similiter</span> <span class='ocrx_word' id='word_1_165' title='bbox 251 2606 426 2681; x_wconf 87' lang='lat' dir='ltr'>ostenditur,</span> <span class='ocrx_word' id='word_1_166' title='bbox 450 2607 528 2681; x_wconf 88' lang='lat' dir='ltr'>quod</span> <span class='ocrx_word' id='word_1_167' title='bbox 551 2608 630 2665; x_wconf 93' lang='lat' dir='ltr'>linea</span> <span class='ocrx_word' id='word_1_168' title='bbox 652 2609 693 2667; x_wconf 73' lang='lat' dir='ltr'>ad</span> <span class='ocrx_word' id='word_1_169' title='bbox 716 2611 760 2666; x_wconf 86' lang='lat' dir='ltr'>est</span> <span class='ocrx_word' id='word_1_170' title='bbox 779 2608 871 2666; x_wconf 89' lang='lat' dir='ltr'>etiam</span> <span class='ocrx_word' id='word_1_171' title='bbox 890 2606 1085 2667; x_wconf 89' lang='lat' dir='ltr'>rationalisin</span> 
     </span>
     <span class='ocr_line' id='line_1_21' title="bbox 51 2694 1084 2773; baseline 0 -22"><span class='ocrx_word' id='word_1_172' title='bbox 51 2703 77 2743; x_wconf 82' lang='lat'>20</span> <span class='ocrx_word' id='word_1_173' title='bbox 90 2694 225 2769; x_wconf 89' lang='lat' dir='ltr'>potentia</span> <span class='ocrx_word' id='word_1_174' title='bbox 248 2698 278 2752; x_wconf 88' lang='lat' dir='ltr'>et</span> <span class='ocrx_word' id='word_1_175' title='bbox 300 2694 482 2753; x_wconf 90' lang='lat' dir='ltr'>irrationalis</span> <span class='ocrx_word' id='word_1_176' title='bbox 505 2695 537 2752; x_wconf 90' lang='lat' dir='ltr'>in</span> <span class='ocrx_word' id='word_1_177' title='bbox 559 2696 755 2773; x_wconf 83' lang='lat' dir='ltr'>longitudine.</span> <span class='ocrx_word' id='word_1_178' title='bbox 792 2697 833 2754; x_wconf 82' lang='lat' dir='ltr'>Et</span> <span class='ocrx_word' id='word_1_179' title='bbox 855 2696 927 2772; x_wconf 91' lang='lat' dir='ltr'>quia</span> <span class='ocrx_word' id='word_1_180' title='bbox 945 2694 1084 2772; x_wconf 87' lang='lat' dir='ltr'>proportio</span> 
     </span>
     <span class='ocr_line' id='line_1_22' title="bbox 91 2783 1086 2860; baseline 0.003 -20"><span class='ocrx_word' id='word_1_181' title='bbox 91 2783 133 2840; x_wconf 73' lang='lat' dir='ltr'>olla</span> <span class='ocrx_word' id='word_1_182' title='bbox 152 2785 182 2840; x_wconf 89' lang='lat' dir='ltr'>et</span> <span class='ocrx_word' id='word_1_183' title='bbox 202 2783 237 2840; x_wconf 76' lang='lat' dir='ltr'>ala</span> <span class='ocrx_word' id='word_1_184' title='bbox 261 2785 306 2840; x_wconf 89' lang='lat' dir='ltr'>est</span> <span class='ocrx_word' id='word_1_185' title='bbox 324 2783 401 2841; x_wconf 87' lang='lat' dir='ltr'>siout</span> <span class='ocrx_word' id='word_1_186' title='bbox 419 2784 572 2859; x_wconf 87' lang='lat' dir='ltr'>proportio</span> <span class='ocrx_word' id='word_1_187' title='bbox 591 2785 707 2842; x_wconf 89' lang='lat' dir='ltr'>numeri</span> <span class='ocrx_word' id='word_1_188' title='bbox 726 2784 866 2860; x_wconf 82' lang='lat' dir='ltr'>quadrati</span> <span class='ocrx_word' id='word_1_189' title='bbox 884 2784 924 2843; x_wconf 91' lang='lat' dir='ltr'>ad</span> <span class='ocrx_word' id='word_1_190' title='bbox 942 2802 1086 2843; x_wconf 86' lang='lat' dir='ltr'>numerum</span> 
     </span>
     <span class='ocr_line' id='line_1_23' title="bbox 92 2871 1086 2949; baseline 0.002 -21"><span class='ocrx_word' id='word_1_191' title='bbox 92 2871 284 2946; x_wconf 88' lang='lat' dir='ltr'>quadratum,</span> <span class='ocrx_word' id='word_1_192' title='bbox 311 2871 368 2929; x_wconf 89' lang='lat' dir='ltr'>erit</span> <span class='ocrx_word' id='word_1_193' title='bbox 390 2873 542 2947; x_wconf 87' lang='lat' dir='ltr'>proportio</span> <span class='ocrx_word' id='word_1_194' title='bbox 567 2873 706 2947; x_wconf 90' lang='lat' dir='ltr'>quadrati</span> <span class='ocrx_word' id='word_1_195' title='bbox 729 2875 772 2933; x_wconf 77' lang='lat' dir='ltr'>dh</span> <span class='ocrx_word' id='word_1_196' title='bbox 795 2873 833 2931; x_wconf 91' lang='lat' dir='ltr'>ad</span> <span class='ocrx_word' id='word_1_197' title='bbox 856 2873 1036 2949; x_wconf 84' lang='lat' dir='ltr'>quadratum</span> <span class='ocrx_word' id='word_1_198' title='bbox 1054 2873 1086 2930; x_wconf 73' lang='lat' dir='ltr'>lla</span> 
     </span>
     <span class='ocr_line' id='line_1_24' title="bbox 91 2959 1085 3039; baseline 0 -23"><span class='ocrx_word' id='word_1_199' title='bbox 91 2959 167 3016; x_wconf 87' lang='lat' dir='ltr'>siout</span> <span class='ocrx_word' id='word_1_200' title='bbox 189 2959 341 3035; x_wconf 86' lang='lat' dir='ltr'>proportio</span> <span class='ocrx_word' id='word_1_201' title='bbox 365 2959 480 3017; x_wconf 91' lang='lat' dir='ltr'>numeri</span> <span class='ocrx_word' id='word_1_202' title='bbox 503 2962 642 3035; x_wconf 86' lang='lat' dir='ltr'>quadrati</span> <span class='ocrx_word' id='word_1_203' title='bbox 670 2961 709 3020; x_wconf 92' lang='lat' dir='ltr'>ad</span> <span class='ocrx_word' id='word_1_204' title='bbox 730 2981 886 3020; x_wconf 90' lang='lat' dir='ltr'>numerum</span> <span class='ocrx_word' id='word_1_205' title='bbox 909 2964 1085 3039; x_wconf 88' lang='lat' dir='ltr'>quadratum.</span> 
     </span>
     <span class='ocr_line' id='line_1_25' title="bbox 92 3047 1086 3125; baseline 0.002 -20"><span class='ocrx_word' id='word_1_206' title='bbox 92 3047 150 3105; x_wconf 83' lang='lat' dir='ltr'>Sed</span> <span class='ocrx_word' id='word_1_207' title='bbox 177 3048 330 3124; x_wconf 84' lang='lat' dir='ltr'>proportio</span> <span class='ocrx_word' id='word_1_208' title='bbox 359 3048 500 3123; x_wconf 88' lang='lat' dir='ltr'>quadrati</span> <span class='ocrx_word' id='word_1_209' title='bbox 527 3050 569 3108; x_wconf 78' lang='lat' dir='ltr'>dt</span> <span class='ocrx_word' id='word_1_210' title='bbox 601 3050 640 3107; x_wconf 91' lang='lat' dir='ltr'>ad</span> <span class='ocrx_word' id='word_1_211' title='bbox 668 3051 848 3125; x_wconf 85' lang='lat' dir='ltr'>quadratum</span> <span class='ocrx_word' id='word_1_212' title='bbox 875 3052 915 3112; x_wconf 74' lang='lat' dir='ltr'>lea</span> <span class='ocrx_word' id='word_1_213' title='bbox 947 3055 992 3111; x_wconf 87' lang='lat' dir='ltr'>est</span> <span class='ocrx_word' id='word_1_214' title='bbox 1019 3051 1086 3109; x_wconf 88' lang='lat' dir='ltr'>siout</span> 
     </span>
     <span class='ocr_line' id='line_1_26' title="bbox 52 3137 1086 3218; baseline 0.006 -30"><span class='ocrx_word' id='word_1_215' title='bbox 52 3148 77 3188; x_wconf 75' lang='lat' dir='ltr'>aa</span> <span class='ocrx_word' id='word_1_216' title='bbox 90 3137 242 3211; x_wconf 88' lang='lat' dir='ltr'>proportio</span> <span class='ocrx_word' id='word_1_217' title='bbox 272 3137 410 3212; x_wconf 91' lang='lat' dir='ltr'>quadrati</span> <span class='ocrx_word' id='word_1_218' title='bbox 432 3138 472 3196; x_wconf 78' lang='lat' dir='ltr'>da</span> <span class='ocrx_word' id='word_1_219' title='bbox 500 3138 537 3195; x_wconf 89' lang='lat' dir='ltr'>ad</span> <span class='ocrx_word' id='word_1_220' title='bbox 566 3138 745 3214; x_wconf 88' lang='lat' dir='ltr'>quadratum</span> <span class='ocrx_word' id='word_1_221' title='bbox 767 3157 815 3200; x_wconf 75' lang='lat' dir='ltr'>aa:</span> <span class='ocrx_word' id='word_1_222' title='bbox 845 3159 915 3218; x_wconf 86' lang='lat' dir='ltr'>ergo</span> <span class='ocrx_word' id='word_1_223' title='bbox 944 3137 1086 3216; x_wconf 84' lang='lat' dir='ltr'>proportio</span> 
     </span>
     <span class='ocr_line' id='line_1_27' title="bbox 92 3225 1087 3305; baseline 0.001 -22"><span class='ocrx_word' id='word_1_224' title='bbox 92 3225 231 3301; x_wconf 88' lang='lat' dir='ltr'>quadrati</span> <span class='ocrx_word' id='word_1_225' title='bbox 254 3227 294 3285; x_wconf 77' lang='lat' dir='ltr'>da</span> <span class='ocrx_word' id='word_1_226' title='bbox 317 3226 354 3283; x_wconf 90' lang='lat' dir='ltr'>ad</span> <span class='ocrx_word' id='word_1_227' title='bbox 378 3225 558 3301; x_wconf 89' lang='lat' dir='ltr'>quadratum</span> <span class='ocrx_word' id='word_1_228' title='bbox 579 3246 615 3287; x_wconf 77' lang='lat' dir='ltr'>ae</span> <span class='ocrx_word' id='word_1_229' title='bbox 638 3230 683 3287; x_wconf 88' lang='lat' dir='ltr'>est</span> <span class='ocrx_word' id='word_1_230' title='bbox 706 3229 783 3287; x_wconf 87' lang='lat' dir='ltr'>siout</span> <span class='ocrx_word' id='word_1_231' title='bbox 805 3229 958 3305; x_wconf 90' lang='lat' dir='ltr'>proportio</span> <span class='ocrx_word' id='word_1_232' title='bbox 981 3227 1087 3288; x_wconf 89' lang='lat' dir='ltr'>numeri</span> 
     </span>
    </p>
   </div>
   <div class='ocr_carea' id='block_1_4' title="bbox 92 3315 1087 3420">
    <p class='ocr_par' dir='ltr' id='par_1_5' title="bbox 92 3315 1087 3420">
     <span class='ocr_line' id='line_1_28' title="bbox 92 3315 1087 3420; baseline 0.001 -48"><span class='ocrx_word' id='word_1_233' title='bbox 92 3315 230 3390; x_wconf 86' lang='lat' dir='ltr'>quadrati</span> <span class='ocrx_word' id='word_1_234' title='bbox 253 3315 292 3372; x_wconf 89' lang='lat' dir='ltr'>ad</span> <span class='ocrx_word' id='word_1_235' title='bbox 314 3334 471 3373; x_wconf 90' lang='lat' dir='ltr'>numerum</span> <span class='ocrx_word' id='word_1_236' title='bbox 494 3317 682 3420; x_wconf 76' lang='lat' dir='ltr'>quadratpm.</span> <span class='ocrx_word' id='word_1_237' title='bbox 719 3319 799 3395; x_wconf 86' lang='lat' dir='ltr'>Ergo</span> <span class='ocrx_word' id='word_1_238' title='bbox 824 3318 880 3378; x_wconf 92' lang='lat' dir='ltr'>due</span> <span class='ocrx_word' id='word_1_239' title='bbox 903 3318 980 3378; x_wconf 86' lang='lat' dir='ltr'>lineo</span> <span class='ocrx_word' id='word_1_240' title='bbox 1003 3320 1042 3378; x_wconf 73' lang='lat' dir='ltr'>da</span> <span class='ocrx_word' id='word_1_241' title='bbox 1062 3317 1087 3373; x_wconf 92' lang='lat' dir='ltr'>et</span> 
     </span>
    </p>
   </div>
   <div class='ocr_carea' id='block_1_5' title="bbox 77 3466 1087 3614">
    <p class='ocr_par' dir='ltr' id='par_1_6' title="bbox 77 3466 1087 3614">
     <span class='ocr_line' id='line_1_29' title="bbox 159 3466 1087 3538; baseline 0 -18"><span class='ocrx_word' id='word_1_242' title='bbox 159 3473 183 3521; x_wconf 82' lang='grc'>8.</span> <span class='ocrx_word' id='word_1_243' title='bbox 201 3470 316 3536; x_wconf 83' lang='lat' dir='ltr'>puncto.</span> <span class='ocrx_word' id='word_1_244' title='bbox 337 3499 370 3507; x_wconf 95' lang='lat'>-</span> <span class='ocrx_word' id='word_1_245' title='bbox 391 3473 432 3522; x_wconf 88' lang='lat'>11.</span> <span class='ocrx_word' id='word_1_246' title='bbox 451 3469 489 3522; x_wconf 77' lang='lat' dir='ltr'>ab</span> <span class='ocrx_word' id='word_1_247' title='bbox 509 3468 546 3521; x_wconf 91' lang='lat' dir='ltr'>ad</span> <span class='ocrx_word' id='word_1_248' title='bbox 564 3470 608 3538; x_wconf 66' lang='grc' dir='ltr'>ὃς.</span> <span class='ocrx_word' id='word_1_249' title='bbox 628 3500 664 3509; x_wconf 95' lang='grc'>-</span> <span class='ocrx_word' id='word_1_250' title='bbox 683 3474 788 3523; x_wconf 76' lang='grc'><strong>19-20</strong></span> <span class='ocrx_word' id='word_1_251' title='bbox 807 3466 979 3523; x_wconf 86' lang='lat' dir='ltr'>irrationalis</span> <span class='ocrx_word' id='word_1_252' title='bbox 997 3468 1027 3522; x_wconf 90' lang='lat' dir='ltr'>in</span> <span class='ocrx_word' id='word_1_253' title='bbox 1043 3483 1087 3538; x_wconf 89' lang='lat' dir='ltr'>po·</span> 
     </span>
     <span class='ocr_line' id='line_1_30' title="bbox 77 3537 436 3614; baseline 0.019 -23"><span class='ocrx_word' id='word_1_254' title='bbox 77 3537 172 3594; x_wconf 85' lang='lat' dir='ltr'>tentia</span> <span class='ocrx_word' id='word_1_255' title='bbox 190 3538 221 3594; x_wconf 91' lang='lat' dir='ltr'>in</span> <span class='ocrx_word' id='word_1_256' title='bbox 241 3539 436 3614; x_wconf 82' lang='lat' dir='ltr'>longitudine.</span> 
     </span>
    </p>
   </div>
   <div class='ocr_carea' id='block_1_6' title="bbox 0 0 1174 3834">
    <p class='ocr_par' dir='ltr' id='par_1_7' title="bbox 0 0 1174 3834">
     <span class='ocr_line' id='line_1_31' title="bbox 0 0 1174 3834; baseline 0 0"><span class='ocrx_word' id='word_1_257' title='bbox 0 0 1174 3834; x_wconf 95' lang='lat' dir='ltr'> </span> 
     </span>
    </p>
   </div>
  </div>
 </body>
</html>
