2316 3840
340 179 390 233 AD
408 178 593 234 EUCLIDEM
610 178 676 232 LIB.
691 179 724 233 X.
964 178 1028 241 221

60 345 178 424 maiorem,
199 349 250 425 qui
272 351 424 407 mensurat
448 348 639 424 quantitates.
676 348 742 405 Iam
761 351 861 406 autem
881 351 1031 406 ostensum

63 435 226 516 estinfigura
243 437 346 512 tercia,
365 437 445 513 quod
464 437 558 495 omnis
578 436 731 512 quantitas
750 455 924 495 mensurans
939 455 1031 511 quan·

63 522 137 585 tutes
156 523 326 605 <mensurat
349 525 548 601 quantitatem
575 525 717 584 maiorem
742 545 915 584 mensurans
939 544 1031 600 quan-

63 610 164 693 titates),
181 618 365 692 quapropter
378 615 474 675 visum
491 617 536 672 est
550 615 585 689 ei,
605 618 639 673 ut
654 614 853 689 acciperemus
869 613 1033 689 quamlibet

57 704 240 779 quantitatem,
264 704 377 763 scilicet
400 704 600 779 quantitatem
622 703 776 778 maiorem,
801 722 857 778 que
880 705 1034 761 mensurat
1060 713 1072 752 5

62 805 104 864 aas,
129 797 175 852 aut
201 794 293 852 aliam
320 793 446 851 aliarum
474 792 690 867 quantitatum,
723 811 780 865 que
808 794 879 850 sunt
905 792 1033 850 minores

63 879 143 940 maiore
170 882 351 958 quantitate,
384 901 441 956 que
468 882 622 939 mensurat
654 899 711 939 eas.
762 881 803 938 Et
830 883 952 955 propter
978 881 1033 939 hoo

62 963 124 1027 dixit:
143 972 342 1045 „mensuret
364 965 455 1044 eas“,
479 972 509 1028 et
531 989 590 1028 non
613 969 701 1026 dixit:
725 967 998 1044 „accipiamus“.

125 1059 215 1127 Quod
240 1060 299 1118 hie
327 1059 500 1133 additum,
532 1061 614 1133 post
637 1058 794 1134 figuram
818 1060 953 1116 sextam
976 1057 1033 1115 de-

63 1141 155 1206 cimam
176 1141 375 1224 sequitur.1)
1049 1160 1074 1197 10

124 1237 323 1297 Necessarium
346 1239 400 1311 est,
423 1239 457 1294 ut
479 1237 532 1294 hec
554 1236 681 1294 intentio
705 1237 744 1295 sit
765 1240 833 1311 post
854 1237 968 1294 sextam
986 1236 1034 1292 de'-

64 1318 141 1382 cinam
153 1327 292 1404 figuram:
314 1326 391 1384 Due
414 1325 510 1383 linee
532 1324 567 1381 in
586 1325 814 1401 longitudine
833 1323 1034 1382 rationales

65 1416 231 1479 quamlibet
249 1415 477 1474 continentes
496 1414 739 1490 superficiem,
763 1432 910 1489 quarum
928 1412 1035 1470 unius

65 1496 93 1554 tl
112 1504 253 1562 alteram
280 1503 467 1579 proportio
500 1521 567 1560 non
595 1506 649 1561 est
676 1503 769 1561 sicut
795 1496 1036 1579 (proportio)

66 1594 170 1650 numeri
185 1588 399 1671 (quadrati)
418 1592 460 1650 ad
478 1611 660 1649 numerum
679 1592 903 1666 quadratum,
922 1609 1036 1665 neque
1051 1603 1076 1643 15

65 1672 134 1738 sicut
148 1682 334 1757 proportio
354 1682 459 1739 unius
476 1680 646 1755 quadrati
660 1680 703 1738 ad
717 1700 905 1755 numerum,
920 1699 1036 1755 quem·

66 1761 219 1829 admocum
245 1771 281 1828 in
308 1773 474 1829 tractatu
501 1772 626 1829 octavo
655 1771 709 1827 est
733 1772 925 1843 ostensum,
957 1788 1037 1829 con-

65 1847 154 1917 tinent
187 1863 306 1918 tamen
342 1853 627 1935 (superficiem)
663 1858 895 1931 rationalem3
941 1858 1039 1915 linea

65 1945 166 2033 tutem,
197 1968 265 2024 que
297 1967 404 2023 supra
431 1948 532 2005 illam
560 1947 791 2022 superficiem
818 1949 952 2022 potest,
986 1948 1040 2005 est
1108 1989 1109 1993 η

65 2037 265 2096 1rrationalis
288 2037 324 2094 in
346 2036 582 2113 longitudine.
1054 2049 1080 2088 ec

45 2164 48 2173 ·
129 2125 192 2185 Sint
213 2126 317 2201 itaque
340 2126 417 2183 linee
436 2126 477 2183 ab
500 2126 531 2182 et
550 2127 589 2198 by
611 2125 772 2184 rationales
796 2125 827 2182 in
845 2123 1039 2200 longitudine,

66 2206 101 2264 led
117 2232 169 2273 non
192 2215 232 2274 sit
254 2215 407 2290 proportio
430 2214 518 2271 unius
542 2232 644 2271 earum
667 2213 705 2271 ad
728 2214 853 2272 alteram
876 2213 953 2270 sicut
972 2230 1040 2286 pro·

451 2365 470 2402 a
716 2302 812 2378 portio
832 2299 948 2360 numeri
970 2318 1040 2374 qua-

167 2420 679 2498 -„„w,„,.‚„-„..--
716 2392 795 2449 drati
822 2392 860 2448 ad
887 2408 1041 2447 numerum

740 2480 930 2556 quadratum:
954 2478 1018 2536 dico
1056 2492 1081 2531 55

717 2589 801 2646 erge,
837 2568 919 2644 quod
951 2585 1042 2642 supra

718 2658 915 2733 superficiem,
953 2675 1051 2732 quam

461 2530 463 2561 l

462 2731 466 2852 1
719 2747 781 2822 ipse
798 2747 958 2820 continent,
977 2747 1042 2820 pot-

67 2840 185 2914 sr-
201 2856 418 2862 ‘w
434 2856 696 2917 *fh—d
723 2839 768 2894 est
785 2837 864 2893 linea
881 2828 1042 2912 <ir>ratio

84 2999 88 3010 .
722 2925 798 2983 nalis
808 2925 840 2981 in
846 2923 1043 3001 longitudine.
1057 2936 1083 2975 ec

69 2993 101 3061 Sll
115 3028 176 3090 ergo
194 3014 371 3090 superficies
395 3032 485 3088 quam
502 3013 579 3071 linea
593 3014 634 3071 ab
654 3016 684 3071 et
697 3015 737 3087 dp
756 3014 916 3088 continent,
941 3030 1043 3086 super-

68 3081 126 3157 ficies
142 3121 187 3176 up.
219 3103 341 3162 Fauiam
358 3102 460 3177 itaque
480 3103 658 3178 quadratum
676 3104 728 3176 od,
753 3104 783 3159 et
807 3103 876 3177 quia
890 3100 1044 3177 proportio

69 3183 251 3214 N—-ffl

119 3257 140 3306 2.
157 3255 250 3309 tercio.
266 3286 299 3295 -
315 3260 339 3307 7.
353 3252 480 3309 maiores.
496 3287 528 3294 -
545 3260 657 3309 16-17.
672 3253 907 3322 quemadmodum
920 3253 1043 3307 iteratur.

66 3329 90 3347 ⁵
104 3322 141 3378 21,
157 3325 339 3381 irrationales.

66 3413 251 3450 &-

17 3492 19 3499 '
121 3487 144 3554 1)
156 3486 288 3542 Eccumas
298 3488 332 3555 X,
344 3492 376 3540 16
392 3486 542 3556 (tammus
552 3486 585 3555 X,
598 3491 639 3553 15,
654 3486 821 3540 Humuaeius
831 3485 867 3553 X,
877 3488 935 3553 [Ἧι
952 3483 1048 3535 (laicata

165 3560 171 3571 '
215 3559 384 3629 matamala,
408 3576 490 3629 qaam
508 3560 650 3616 contiueat
674 3560 728 3616 due
745 3559 819 3613 liaeo
838 3558 872 3610 iu
885 3552 1068 3623 aspernatae
