2340 3834
100 175 167 240 260
388 173 553 227 ANARITII
571 172 829 227 COMMENTARII

100 345 195 402 lineas
219 347 254 402 ut
276 345 307 400 et
328 345 379 416 fu:
408 362 478 420 ergo
502 360 542 401 ao
565 345 702 400 numerat
725 341 798 400 duas
821 340 930 416 lineas,
954 359 1024 417 ergo
1044 340 1098 415 ip

101 435 148 491 est
170 431 323 507 quantitas
346 431 508 490 communis
532 430 563 488 in
585 432 650 489 loeo
674 449 727 489 suo
750 448 909 488 numerans
928 430 1002 489 duas
1020 447 1103 504 quaa·

102 521 220 595 titateS,
246 524 275 578 et
297 521 329 578 in
351 520 407 577 hae
431 519 574 577 divisione
599 519 755 596 erigimtur
778 519 964 595 quantitates
987 519 1017 576 in
1035 517 1103 576 lo&

103 609 179 683 suis,
205 609 238 666 in
266 609 371 684 quibus
398 610 518 667 fuerant
545 609 576 664 in
604 608 700 683 prima
728 607 886 666 divisione:
914 627 984 685 ergo
1008 611 1048 679 ot,
1094 619 1103 640 ⁴

76 711 159 774 sque
188 700 233 756 est
262 698 359 756 minor
385 716 433 772 ea,
460 699 597 755 numerat
620 698 669 756 ab.
715 697 756 754 Et
778 697 818 755 sit
840 715 910 772 pars
934 695 1102 772 quantita&

104 789 145 846 ab
178 786 252 845 scita
284 786 399 861 equalis
427 805 468 845 ur
494 804 653 844 numerans
681 785 754 844 duas
782 786 981 860 quantitates,
1012 786 1038 842 et
1060 795 1103 839 r⁴

103 875 195 933 deunt
223 894 323 934 omnes
351 875 389 933 ad
415 894 536 947 nomen,
565 874 616 950 qui
639 893 824 932 communem
846 874 921 933 facit
943 892 1005 947 aaa
1031 883 1103 947 quo

104 967 150 1024 est
171 983 278 1023 nomen
301 963 565 1039 quantitatisque
587 981 647 1020 non
670 963 805 1022 difinitur
822 963 982 1022 seeundum
999 971 1103 1037 magau

104 1052 240 1126 tudinem
276 1072 371 1128 neque
407 1051 567 1110 secundum
602 1051 796 1127 parvitatem,
833 1052 885 1110 sed
921 1051 1027 1109 dicitur
1056 1049 1103 1106 he

65 1159 91 1197 10
105 1142 258 1217 quantitas
285 1160 355 1216 pars
383 1141 508 1198 duarum
536 1140 740 1215 quantitatum
766 1159 925 1198 numerans
949 1159 1006 1198 eas.
1048 1137 1103 1194 ΗΕ

105 1233 151 1289 est
179 1250 247 1307 ergo
276 1249 323 1288 ars
351 1229 517 1304 reperiendi
544 1229 676 1304 modum,
704 1248 764 1304 quo
787 1229 939 1287 invenitur
961 1226 1103 1304 quantita

105 1337 263 1377 numerans
295 1318 370 1376 duas
398 1318 592 1392 quantitates.
643 1317 728 1385 Quod
755 1318 779 1376 si
807 1337 848 1392 qu
874 1318 986 1375 fuerint
1013 1318 1103 1392 parte

106 1411 156 1482 ab,
179 1403 301 1485 (tuno),
325 1425 391 1464 oum
412 1407 510 1482 portio
533 1409 661 1481 ponetur
683 1425 773 1481 supra
796 1409 846 1480 ab,
869 1425 929 1465 non
949 1403 1103 1464 numerab:

105 1498 215 1572 ipsam,
247 1515 306 1554 non
338 1497 384 1553 est
411 1495 490 1553 enim
516 1495 548 1552 in
577 1514 611 1552 ea
638 1495 786 1570 possibile.
837 1495 977 1554 Dicemus
1003 1495 1103 1568 itaqu«

67 1599 92 1640 15
107 1586 178 1660 quia
205 1587 247 1643 ab
269 1585 406 1641 numerat
429 1588 477 1657 ot,
501 1586 530 1642 et
552 1602 612 1641 non
634 1587 772 1643 numerat
794 1585 840 1657 fr:
869 1602 938 1660 ergo
962 1585 1025 1659 ipse
1047 1599 1103 1640 sut

106 1672 398 1731 incommunioantes.
436 1671 521 1740 Quod
539 1673 564 1730 si
582 1672 751 1747 dixerimus,
769 1692 835 1731 oum
853 1673 1004 1731 minuetur
1018 1687 1103 1746 supe:

107 1762 209 1820 fluitas
232 1761 320 1819 unius
339 1779 441 1818 earum
459 1761 663 1835 quantitatum
681 1766 724 1836 at,
746 1763 782 1834 fr
805 1781 840 1820 ex
859 1762 963 1837 altera,
986 1778 1103 1819 remen*

107 1850 153 1908 bit
181 1850 333 1924 quantitas
360 1867 410 1923 ur,
442 1869 500 1924 que
528 1868 588 1907 non
615 1852 752 1908 numerat
779 1869 857 1923 eam,
891 1869 948 1925 que
977 1852 1022 1907 est
1048 1854 1103 1906 ani

107 1939 218 2014 ipsam,
246 1941 430 2013 quapropter
456 1938 520 2012 ipse
548 1940 617 1996 sunt
639 1938 937 2013 incommuniaanteS,
965 1940 1021 1997 erit
1043 1936 1103 1994 illi]

69 2043 211 2086 noverum
243 2027 404 2085 seeundum
435 2026 514 2101 quod
541 2027 616 2084 dixit
642 2027 816 2101 Eruimus,
847 2028 873 2086 si
900 2030 1001 2086 autem
1028 2026 1103 2084 etia:

109 2118 160 2191 ub,
183 2120 214 2175 et
236 2116 302 2175 ideo
326 2136 382 2191 que
407 2116 452 2173 est
473 2133 552 2190 pars,
573 2115 665 2173 fuerit
682 2134 839 2174 numerans
859 2120 895 2174 ot
912 2119 943 2175 et
960 2131 1103 2174 numeral

108 2208 151 2282 fr,
174 2206 348 2279 diceremuS,
372 2203 452 2279 quod
474 2205 657 2278 quantitates
680 2207 750 2262 sunt
772 2205 1034 2279 communicantes,
1056 2202 1103 2262 si*

109 2295 170 2354 sint
196 2294 371 2368 rationales,
400 2293 461 2351 sive
489 2293 549 2351 sint
575 2293 671 2351 surde.
718 2291 750 2350 si
778 2313 847 2370 ergo
870 2293 1044 2366 rationales,
1070 2309 1103 2350 e:

110 2384 193 2442 deret
220 2402 308 2459 super
335 2401 385 2441 eas
412 2400 518 2440 nomen
545 2399 741 2439 numerorum.
793 2380 896 2440 Omnis
924 2381 1003 2440 enim
1028 2379 1099 2439 rati.

69 2485 95 2526 as
109 2472 187 2530 nalis
209 2474 255 2530 est
277 2470 506 2543 communicans
528 2469 579 2527 sed
601 2487 661 2526 non
680 2489 774 2544 omne,
797 2469 877 2546 quod
896 2474 941 2529 est
960 2485 1103 2530 commun

110 2579 194 2633 eane,
222 2561 267 2617 est
289 2559 449 2632 rationale,
477 2558 590 2616 soilioet
611 2559 758 2616 rationale
780 2559 811 2617 in
834 2560 1103 2634 potentiatantu1

111 2651 141 2706 et
168 2647 299 2705 dicemus
326 2647 408 2705 istud
435 2665 497 2705 esse
524 2646 637 2720 decem,
665 2649 695 2705 et
720 2648 776 2705 hoe
804 2651 849 2706 est
876 2666 934 2706 sex.
981 2647 1038 2706 Sed
1059 2661 1103 2721 q·

110 2735 224 2794 fuerint
255 2735 343 2793 surde
376 2734 519 2808 dicemus,
552 2735 613 2793 sive
645 2735 706 2794 sint
737 2755 772 2793 ex
804 2736 963 2810 similibus
995 2736 1054 2795 sive
1081 2751 1103 2782 ⁴

112 2824 188 2899 aliis,
211 2843 269 2899 que
291 2826 361 2881 sunt
382 2823 470 2882 surde
493 2823 749 2882 communicantes.
792 2824 887 2899 Quod,
910 2827 936 2884 si
958 2825 1103 2901 quantita

72 2928 99 2968 ao
113 2932 169 2989 que
198 2915 243 2971 est
269 2930 339 2986 pars
366 2931 525 2970 numerans
551 2914 605 2986 ab,
632 2932 691 2971 non
713 2913 804 2972 fuerit
826 2933 984 2972 numerans
1006 2915 1046 2986 fr,
1071 2904 1103 2967 ὃ

112 3020 219 3075 cemus,
242 3000 321 3076 quod
341 3000 405 3075 ipse
428 3000 489 3059 sint
510 3001 791 3060 incommunioantes
815 3005 845 3060 et
867 3003 928 3060 sint
950 3002 1036 3061 surde
1057 2995 1103 3056 di

113 3090 237 3164 simileS,
268 3090 409 3164 quoniam
440 3090 689 3149 communicantes
721 3093 791 3148 sunt
822 3091 992 3150 rationales.
1043 3087 1103 3146 012

113 3182 214 3237 autem
244 3178 428 3253 posuerimus
461 3177 534 3236 duas
561 3178 654 3237 lineas
682 3171 957 3260 inoomunitoantes,
990 3178 1103 3238 dioem‘¹

113 3269 193 3343 ipsas
226 3285 287 3325 esse
315 3266 432 3339 surdas,
464 3269 517 3325 aut
543 3285 635 3324 unam
663 3286 763 3326 eorum
790 3269 911 3327 surdam
939 3272 968 3327 et
995 3268 1103 3326 alterna

113 3395 324 3406 ...—--———--

184 3475 209 3525 4.
229 3467 341 3524 fuerint.
357 3500 390 3508 —
411 3474 452 3523 10.
466 3469 650 3540 pars1paras.
666 3503 699 3510 —
719 3477 760 3525 21.
776 3474 827 3525 aut
840 3471 914 3528 ideo.
930 3505 963 3513 —
982 3477 1022 3526 28.
1040 3467 1103 3522 siit

60 3579 86 3614 ,,
100 3543 197 3617 libus]
214 3539 380 3598 siooalibus.
