<?xml version="1.0" encoding="UTF-8"?>
<!DOCTYPE html PUBLIC "-//W3C//DTD XHTML 1.0 Transitional//EN"
    "http://www.w3.org/TR/xhtml1/DTD/xhtml1-transitional.dtd">
<html xmlns="http://www.w3.org/1999/xhtml" xml:lang="en" lang="en">
 <head>
  <title>
</title>
<meta http-equiv="Content-Type" content="text/html;charset=utf-8" />
  <meta name='ocr-system' content='tesseract 3.04.00' />
  <meta name='ocr-capabilities' content='ocr_page ocr_carea ocr_par ocr_line ocrx_word'/>
</head>
<body>
  <div class='ocr_page' id='page_1' title='image "./euclidisoperaom14unkngoog_0072.png"; bbox 0 0 2340 3834; ppageno 0'>
   <div class='ocr_carea' id='block_1_1' title="bbox 390 154 1079 222">
    <p class='ocr_par' dir='ltr' id='par_1_1' title="bbox 390 154 1079 222">
     <span class='ocr_line' id='line_1_1' title="bbox 390 154 1079 222; baseline 0.006 -13"><span class='ocrx_word' id='word_1_1' title='bbox 390 155 440 209; x_wconf 80' lang='lat' dir='ltr'>AD</span> <span class='ocrx_word' id='word_1_2' title='bbox 459 154 644 210; x_wconf 72' lang='lat' dir='ltr'>EUOLOEEM</span> <span class='ocrx_word' id='word_1_3' title='bbox 661 156 727 214; x_wconf 89' lang='lat' dir='ltr'>LIB.</span> <span class='ocrx_word' id='word_1_4' title='bbox 742 156 763 212; x_wconf 92' lang='lat' dir='ltr'>I.</span> <span class='ocrx_word' id='word_1_5' title='bbox 1037 158 1079 222; x_wconf 86' lang='lat'>35</span> 
     </span>
    </p>
   </div>
   <div class='ocr_carea' id='block_1_2' title="bbox 64 323 1080 494">
    <p class='ocr_par' dir='ltr' id='par_1_2' title="bbox 64 323 1080 494">
     <span class='ocr_line' id='line_1_2' title="bbox 64 323 1080 494; baseline 0.004 -114"><span class='ocrx_word' id='word_1_6' title='bbox 64 323 284 494; x_wconf 59' lang='lat' dir='ltr'>dAiumrrruppus</span> <span class='ocrx_word' id='word_1_7' title='bbox 313 327 342 382; x_wconf 90' lang='lat' dir='ltr'>et</span> <span class='ocrx_word' id='word_1_8' title='bbox 371 323 535 383; x_wconf 80' lang='lat' dir='ltr'>D1ooonus</span> <span class='ocrx_word' id='word_1_9' title='bbox 564 324 756 384; x_wconf 90' lang='lat' dir='ltr'>ostenderunt</span> <span class='ocrx_word' id='word_1_10' title='bbox 785 325 886 384; x_wconf 87' lang='lat' dir='ltr'>multis</span> <span class='ocrx_word' id='word_1_11' title='bbox 916 324 1017 402; x_wconf 80' lang='lat' dir='ltr'>figuris</span> <span class='ocrx_word' id='word_1_12' title='bbox 1050 329 1080 384; x_wconf 87' lang='lat' dir='ltr'>et</span> 
     </span>
     <span class='ocr_line' id='line_1_3' title="bbox 98 431 199 471; baseline -0.02 0"><span class='ocrx_word' id='word_1_13' title='bbox 98 431 199 471; x_wconf 82' lang='lat' dir='ltr'>versrs.</span> 
     </span>
    </p>
   </div>
   <div class='ocr_carea' id='block_1_3' title="bbox 60 500 1117 2617">
    <p class='ocr_par' dir='ltr' id='par_1_3' title="bbox 64 500 1078 668">
     <span class='ocr_line' id='line_1_4' title="bbox 156 500 1078 577; baseline 0.003 -19"><span class='ocrx_word' id='word_1_14' title='bbox 156 501 240 559; x_wconf 80' lang='lat' dir='ltr'><strong>Dixit</strong></span> <span class='ocrx_word' id='word_1_15' title='bbox 257 501 444 560; x_wconf 71' lang='lat' dir='ltr'>Amisimus:</span> <span class='ocrx_word' id='word_1_16' title='bbox 468 501 532 560; x_wconf 84' lang='lat' dir='ltr'>Hoe</span> <span class='ocrx_word' id='word_1_17' title='bbox 551 500 687 577; x_wconf 83' lang='lat' dir='ltr'>equidem</span> <span class='ocrx_word' id='word_1_18' title='bbox 706 502 925 577; x_wconf 81' lang='lat' dir='ltr'>exposuerimus</span> <span class='ocrx_word' id='word_1_19' title='bbox 945 505 975 561; x_wconf 89' lang='lat' dir='ltr'>et</span> <span class='ocrx_word' id='word_1_20' title='bbox 988 502 1078 561; x_wconf 91' lang='lat' dir='ltr'>inter·</span> 
     </span>
     <span class='ocr_line' id='line_1_5' title="bbox 64 584 1076 668; baseline 0.003 -21"><span class='ocrx_word' id='word_1_21' title='bbox 64 608 222 665; x_wconf 83' lang='lat' dir='ltr'>ponamus,</span> <span class='ocrx_word' id='word_1_22' title='bbox 233 589 314 666; x_wconf 92' lang='lat' dir='ltr'>quod</span> <span class='ocrx_word' id='word_1_23' title='bbox 323 589 443 649; x_wconf 79' lang='lat' dir='ltr'>Aemus</span> <span class='ocrx_word' id='word_1_24' title='bbox 454 590 577 666; x_wconf 75' lang='lat' dir='ltr'>addidit,</span> <span class='ocrx_word' id='word_1_25' title='bbox 586 593 655 666; x_wconf 87' lang='lat' dir='ltr'>post</span> <span class='ocrx_word' id='word_1_26' title='bbox 664 590 870 666; x_wconf 73' lang='lat' dir='ltr'>probationem</span> <span class='ocrx_word' id='word_1_27' title='bbox 878 591 971 668; x_wconf 82' lang='lat' dir='ltr'>figure</span> <span class='ocrx_word' id='word_1_28' title='bbox 983 593 1045 650; x_wconf 75' lang='lat'><strong>29⁶.</strong></span> <span class='ocrx_word' id='word_1_29' title='bbox 1052 584 1076 668; x_wconf 71' lang='lat'>2)</span> 
     </span>
    </p>

    <p class='ocr_par' dir='ltr' id='par_1_4' title="bbox 64 678 1117 842">
     <span class='ocr_line' id='line_1_6' title="bbox 155 678 1117 754; baseline 0.003 -18"><span class='ocrx_word' id='word_1_30' title='bbox 155 678 241 737; x_wconf 86' lang='lat' dir='ltr'>Dixit</span> <span class='ocrx_word' id='word_1_31' title='bbox 267 680 441 738; x_wconf 82' lang='lat' dir='ltr'>Euonmns:</span> <span class='ocrx_word' id='word_1_32' title='bbox 469 680 537 738; x_wconf 82' lang='lat' dir='ltr'>Dae</span> <span class='ocrx_word' id='word_1_33' title='bbox 563 683 636 738; x_wconf 79' lang='lat' dir='ltr'>reete</span> <span class='ocrx_word' id='word_1_34' title='bbox 660 681 732 738; x_wconf 77' lang='lat' dir='ltr'>liare</span> <span class='ocrx_word' id='word_1_35' title='bbox 754 697 813 738; x_wconf 78' lang='lat' dir='ltr'>noa</span> <span class='ocrx_word' id='word_1_36' title='bbox 840 681 1117 754; x_wconf 71' lang='lat' dir='ltr'>comprehendente</span> 
     </span>
     <span class='ocr_line' id='line_1_7' title="bbox 64 769 256 842; baseline -0.005 -16"><span class='ocrx_word' id='word_1_37' title='bbox 64 769 256 842; x_wconf 60' lang='lat' dir='ltr'>supersim.</span> 
     </span>
    </p>

    <p class='ocr_par' dir='ltr' id='par_1_5' title="bbox 61 855 1079 1110">
     <span class='ocr_line' id='line_1_8' title="bbox 157 855 1079 932; baseline 0.001 -19"><span class='ocrx_word' id='word_1_38' title='bbox 157 855 255 932; x_wconf 85' lang='lat' dir='ltr'>Supra</span> <span class='ocrx_word' id='word_1_39' title='bbox 277 858 332 915; x_wconf 88' lang='lat' dir='ltr'>hoo</span> <span class='ocrx_word' id='word_1_40' title='bbox 357 856 604 915; x_wconf 78' lang='lat' dir='ltr'>Sanmnmomus:</span> <span class='ocrx_word' id='word_1_41' title='bbox 628 856 691 914; x_wconf 86' lang='lat' dir='ltr'>Hee</span> <span class='ocrx_word' id='word_1_42' title='bbox 713 856 820 932; x_wconf 86' lang='lat' dir='ltr'>petitio</span> <span class='ocrx_word' id='word_1_43' title='bbox 843 877 902 916; x_wconf 93' lang='lat' dir='ltr'>non</span> <span class='ocrx_word' id='word_1_44' title='bbox 929 856 1079 916; x_wconf 86' lang='lat' dir='ltr'>invenitur</span> 
     </span>
     <span class='ocr_line' id='line_1_9' title="bbox 61 944 1078 1022; baseline 0.001 -20"><span class='ocrx_word' id='word_1_45' title='bbox 61 945 97 1002; x_wconf 91' lang='lat' dir='ltr'>in</span> <span class='ocrx_word' id='word_1_46' title='bbox 122 945 254 1020; x_wconf 90' lang='lat' dir='ltr'>antiquis</span> <span class='ocrx_word' id='word_1_47' title='bbox 283 945 413 1022; x_wconf 77' lang='lat' dir='ltr'>seriptis,</span> <span class='ocrx_word' id='word_1_48' title='bbox 443 965 499 1021; x_wconf 91' lang='lat' dir='ltr'>que</span> <span class='ocrx_word' id='word_1_49' title='bbox 522 945 588 1004; x_wconf 92' lang='lat' dir='ltr'>ideo</span> <span class='ocrx_word' id='word_1_50' title='bbox 616 946 675 1003; x_wconf 85' lang='lat' dir='ltr'>fuit</span> <span class='ocrx_word' id='word_1_51' title='bbox 702 944 835 1021; x_wconf 79' lang='lat' dir='ltr'>dimissa,</span> <span class='ocrx_word' id='word_1_52' title='bbox 865 945 1006 1020; x_wconf 89' lang='lat' dir='ltr'>quoniam</span> <span class='ocrx_word' id='word_1_53' title='bbox 1033 949 1078 1004; x_wconf 89' lang='lat' dir='ltr'>est</span> 
     </span>
     <span class='ocr_line' id='line_1_10' title="bbox 61 1034 1076 1110; baseline 0.001 -19"><span class='ocrx_word' id='word_1_54' title='bbox 61 1034 236 1110; x_wconf 83' lang='lat' dir='ltr'>manifesta,</span> <span class='ocrx_word' id='word_1_55' title='bbox 259 1035 289 1092; x_wconf 91' lang='lat' dir='ltr'>et</span> <span class='ocrx_word' id='word_1_56' title='bbox 311 1034 378 1093; x_wconf 90' lang='lat' dir='ltr'>ideo</span> <span class='ocrx_word' id='word_1_57' title='bbox 402 1035 549 1109; x_wconf 76' lang='lat' dir='ltr'>dimnmt,</span> <span class='ocrx_word' id='word_1_58' title='bbox 573 1034 654 1109; x_wconf 92' lang='lat' dir='ltr'>quod</span> <span class='ocrx_word' id='word_1_59' title='bbox 670 1034 829 1110; x_wconf 79' lang='lat' dir='ltr'>petitiones</span> <span class='ocrx_word' id='word_1_60' title='bbox 848 1038 919 1092; x_wconf 89' lang='lat' dir='ltr'>sunt</span> <span class='ocrx_word' id='word_1_61' title='bbox 938 1034 1076 1110; x_wconf 89' lang='lat' dir='ltr'>quinque.</span> 
     </span>
    </p>

    <p class='ocr_par' dir='ltr' id='par_1_6' title="bbox 60 1122 1116 2617">
     <span class='ocr_line' id='line_1_11' title="bbox 597 1122 1116 1198; baseline -0.006 -18"><span class='ocrx_word' id='word_1_62' title='bbox 597 1122 731 1182; x_wconf 89' lang='lat' dir='ltr'>Moderni</span> <span class='ocrx_word' id='word_1_63' title='bbox 759 1142 828 1181; x_wconf 85' lang='lat' dir='ltr'>vero</span> <span class='ocrx_word' id='word_1_64' title='bbox 856 1122 984 1198; x_wconf 86' lang='lat' dir='ltr'>probant</span> <span class='ocrx_word' id='word_1_65' title='bbox 1012 1142 1077 1181; x_wconf 85' lang='lat' dir='ltr'>eam</span> <span class='ocrx_word' id='word_1_66' title='bbox 1091 1138 1116 1176; x_wconf 91' lang='lat' dir='ltr'>1o</span> 
     </span>
     <span class='ocr_line' id='line_1_12' title="bbox 596 1211 1076 1287; baseline 0 -18"><span class='ocrx_word' id='word_1_67' title='bbox 596 1211 651 1270; x_wconf 88' lang='lat' dir='ltr'>hoe</span> <span class='ocrx_word' id='word_1_68' title='bbox 675 1212 771 1271; x_wconf 89' lang='lat' dir='ltr'>modo.</span> <span class='ocrx_word' id='word_1_69' title='bbox 807 1211 963 1287; x_wconf 81' lang='lat' dir='ltr'>Dinerunt‚</span> <span class='ocrx_word' id='word_1_70' title='bbox 988 1212 1076 1287; x_wconf 79' lang='lat' dir='ltr'>quod,</span> 
     </span>
     <span class='ocr_line' id='line_1_13' title="bbox 597 1299 1076 1375; baseline 0 -17"><span class='ocrx_word' id='word_1_71' title='bbox 597 1300 623 1358; x_wconf 88' lang='lat' dir='ltr'>si</span> <span class='ocrx_word' id='word_1_72' title='bbox 647 1303 691 1359; x_wconf 89' lang='lat' dir='ltr'>est</span> <span class='ocrx_word' id='word_1_73' title='bbox 713 1299 862 1375; x_wconf 81' lang='lat' dir='ltr'>possibile,</span> <span class='ocrx_word' id='word_1_74' title='bbox 885 1303 921 1358; x_wconf 89' lang='lat' dir='ltr'>ut</span> <span class='ocrx_word' id='word_1_75' title='bbox 941 1301 1001 1358; x_wconf 89' lang='lat' dir='ltr'>sint</span> <span class='ocrx_word' id='word_1_76' title='bbox 1020 1301 1076 1358; x_wconf 93' lang='lat' dir='ltr'>due</span> 
     </span>
     <span class='ocr_line' id='line_1_14' title="bbox 597 1388 1075 1464; baseline 0 -18"><span class='ocrx_word' id='word_1_77' title='bbox 597 1392 677 1447; x_wconf 83' lang='lat' dir='ltr'>recte</span> <span class='ocrx_word' id='word_1_78' title='bbox 696 1389 772 1447; x_wconf 87' lang='lat' dir='ltr'>linee</span> <span class='ocrx_word' id='word_1_79' title='bbox 796 1388 1075 1464; x_wconf 85' lang='lat' dir='ltr'>comprehendentes</span> 
     </span>
     <span class='ocr_line' id='line_1_15' title="bbox 597 1477 1074 1554; baseline 0 -18"><span class='ocrx_word' id='word_1_80' title='bbox 597 1477 793 1553; x_wconf 76' lang='lat' dir='ltr'>superficiem,</span> <span class='ocrx_word' id='word_1_81' title='bbox 823 1477 967 1536; x_wconf 83' lang='lat' dir='ltr'>faciamus</span> <span class='ocrx_word' id='word_1_82' title='bbox 996 1497 1074 1554; x_wconf 78' lang='lat' dir='ltr'>ergo,</span> 
     </span>
     <span class='ocr_line' id='line_1_16' title="bbox 596 1566 1114 1641; baseline 0.002 -18"><span class='ocrx_word' id='word_1_83' title='bbox 596 1568 632 1624; x_wconf 91' lang='lat' dir='ltr'>ut</span> <span class='ocrx_word' id='word_1_84' title='bbox 650 1566 707 1624; x_wconf 91' lang='lat' dir='ltr'>due</span> <span class='ocrx_word' id='word_1_85' title='bbox 725 1569 803 1624; x_wconf 87' lang='lat' dir='ltr'>reete</span> <span class='ocrx_word' id='word_1_86' title='bbox 821 1566 898 1624; x_wconf 89' lang='lat' dir='ltr'>linee</span> <span class='ocrx_word' id='word_1_87' title='bbox 917 1568 1114 1641; x_wconf 74' lang='lat' dir='ltr'>opb,adb1⁵</span> 
     </span>
     <span class='ocr_line' id='line_1_17' title="bbox 537 1653 1075 1730; baseline 0 -18"><span class='ocrx_word' id='word_1_88' title='bbox 537 1698 539 1704; x_wconf 81' lang='grc'>.</span> <span class='ocrx_word' id='word_1_89' title='bbox 597 1654 846 1730; x_wconf 79' lang='lat' dir='ltr'>comprehendant</span> <span class='ocrx_word' id='word_1_90' title='bbox 882 1653 1075 1730; x_wconf 82' lang='lat' dir='ltr'>superficiem,</span> 
     </span>
     <span class='ocr_line' id='line_1_18' title="bbox 597 1743 1074 1821; baseline 0 -20"><span class='ocrx_word' id='word_1_91' title='bbox 597 1743 674 1802; x_wconf 87' lang='lat' dir='ltr'>siout</span> <span class='ocrx_word' id='word_1_92' title='bbox 719 1745 863 1818; x_wconf 86' lang='lat' dir='ltr'>apparet¹</span> <span class='ocrx_word' id='word_1_93' title='bbox 893 1743 925 1800; x_wconf 93' lang='lat' dir='ltr'>in</span> <span class='ocrx_word' id='word_1_94' title='bbox 970 1743 1074 1821; x_wconf 85' lang='lat' dir='ltr'>figura.</span> 
     </span>
     <span class='ocr_line' id='line_1_19' title="bbox 595 1831 1074 1906; baseline 0.002 -17"><span class='ocrx_word' id='word_1_95' title='bbox 595 1831 762 1891; x_wconf 82' lang='lat' dir='ltr'>Producam</span> <span class='ocrx_word' id='word_1_96' title='bbox 772 1832 876 1906; x_wconf 86' lang='lat' dir='ltr'>itaque</span> <span class='ocrx_word' id='word_1_97' title='bbox 886 1832 997 1890; x_wconf 86' lang='lat' dir='ltr'>lineam</span> <span class='ocrx_word' id='word_1_98' title='bbox 1010 1834 1074 1906; x_wconf 74' lang='lat' dir='ltr'>opb</span> 
     </span>
     <span class='ocr_line' id='line_1_20' title="bbox 596 1920 1075 1979; baseline 0.002 -1"><span class='ocrx_word' id='word_1_99' title='bbox 596 1923 626 1978; x_wconf 89' lang='lat' dir='ltr'>et</span> <span class='ocrx_word' id='word_1_100' title='bbox 664 1920 774 1978; x_wconf 82' lang='lat' dir='ltr'>lineam</span> <span class='ocrx_word' id='word_1_101' title='bbox 810 1922 876 1979; x_wconf 83' lang='lat' dir='ltr'>odb</span> <span class='ocrx_word' id='word_1_102' title='bbox 914 1921 1075 1979; x_wconf 86' lang='lat' dir='ltr'>seeundum</span> 
     </span>
     <span class='ocr_line' id='line_1_21' title="bbox 595 2008 1112 2085; baseline 0.004 -19"><span class='ocrx_word' id='word_1_103' title='bbox 595 2009 804 2067; x_wconf 81' lang='lat' dir='ltr'>rectitudinem</span> <span class='ocrx_word' id='word_1_104' title='bbox 823 2009 860 2066; x_wconf 91' lang='lat' dir='ltr'>ad</span> <span class='ocrx_word' id='word_1_105' title='bbox 884 2008 943 2068; x_wconf 91' lang='lat' dir='ltr'>duo</span> <span class='ocrx_word' id='word_1_106' title='bbox 961 2013 1073 2085; x_wconf 88' lang='lat' dir='ltr'>punota</span> <span class='ocrx_word' id='word_1_107' title='bbox 1087 2023 1112 2063; x_wconf 77' lang='lat'>20</span> 
     </span>
     <span class='ocr_line' id='line_1_22' title="bbox 596 2097 1073 2175; baseline 0.004 -20"><span class='ocrx_word' id='word_1_108' title='bbox 596 2115 617 2173; x_wconf 81' lang='lat' dir='ltr'>e,</span> <span class='ocrx_word' id='word_1_109' title='bbox 640 2115 664 2175; x_wconf 77' lang='lat' dir='ltr'>a,</span> <span class='ocrx_word' id='word_1_110' title='bbox 688 2101 718 2156; x_wconf 90' lang='lat' dir='ltr'>et</span> <span class='ocrx_word' id='word_1_111' title='bbox 745 2097 961 2157; x_wconf 86' lang='lat' dir='ltr'>oiroumduoam</span> <span class='ocrx_word' id='word_1_112' title='bbox 984 2117 1073 2173; x_wconf 89' lang='lat' dir='ltr'>supra</span> 
     </span>
     <span class='ocr_line' id='line_1_23' title="bbox 595 2187 1073 2262; baseline 0.004 -18"><span class='ocrx_word' id='word_1_113' title='bbox 595 2189 729 2244; x_wconf 79' lang='lat' dir='ltr'>centrum</span> <span class='ocrx_word' id='word_1_114' title='bbox 757 2189 772 2245; x_wconf 82' lang='lat' dir='ltr'><strong><em>b</em></strong></span> <span class='ocrx_word' id='word_1_115' title='bbox 803 2205 869 2244; x_wconf 89' lang='lat' dir='ltr'>oum</span> <span class='ocrx_word' id='word_1_116' title='bbox 901 2187 998 2262; x_wconf 88' lang='lat' dir='ltr'>spatio</span> <span class='ocrx_word' id='word_1_117' title='bbox 1031 2189 1073 2246; x_wconf 84' lang='lat' dir='ltr'>bo</span> 
     </span>
     <span class='ocr_line' id='line_1_24' title="bbox 595 2275 1072 2352; baseline 0 -20"><span class='ocrx_word' id='word_1_118' title='bbox 595 2275 738 2333; x_wconf 87' lang='lat' dir='ltr'>oireulum</span> <span class='ocrx_word' id='word_1_119' title='bbox 762 2277 853 2335; x_wconf 76' lang='lat' dir='ltr'>oaeh.</span> <span class='ocrx_word' id='word_1_120' title='bbox 899 2276 977 2352; x_wconf 82' lang='lat' dir='ltr'>Ergo</span> <span class='ocrx_word' id='word_1_121' title='bbox 1002 2275 1072 2350; x_wconf 88' lang='lat' dir='ltr'>quia</span> 
     </span>
     <span class='ocr_line' id='line_1_25' title="bbox 60 2360 1071 2439; baseline 0.004 -21"><span class='ocrx_word' id='word_1_122' title='bbox 60 2362 235 2438; x_wconf 84' lang='lat' dir='ltr'>punctumb</span> <span class='ocrx_word' id='word_1_123' title='bbox 250 2363 295 2419; x_wconf 87' lang='lat' dir='ltr'>est</span> <span class='ocrx_word' id='word_1_124' title='bbox 307 2363 439 2419; x_wconf 86' lang='lat' dir='ltr'>eentrum</span> <span class='ocrx_word' id='word_1_125' title='bbox 454 2360 557 2419; x_wconf 87' lang='lat' dir='ltr'>eirouli</span> <span class='ocrx_word' id='word_1_126' title='bbox 571 2365 667 2437; x_wconf 69' lang='lat' dir='ltr'>oret,</span> <span class='ocrx_word' id='word_1_127' title='bbox 686 2363 743 2422; x_wconf 82' lang='lat' dir='ltr'>erit</span> <span class='ocrx_word' id='word_1_128' title='bbox 753 2382 930 2439; x_wconf 80' lang='lat' dir='ltr'>unaqueque</span> <span class='ocrx_word' id='word_1_129' title='bbox 944 2363 1071 2422; x_wconf 89' lang='lat' dir='ltr'>duarum</span> 
     </span>
     <span class='ocr_line' id='line_1_26' title="bbox 60 2450 1110 2529; baseline 0.004 -21"><span class='ocrx_word' id='word_1_130' title='bbox 60 2451 212 2508; x_wconf 89' lang='lat' dir='ltr'>linearum</span> <span class='ocrx_word' id='word_1_131' title='bbox 230 2451 328 2525; x_wconf 72' lang='lat' dir='ltr'>apte,</span> <span class='ocrx_word' id='word_1_132' title='bbox 347 2451 434 2509; x_wconf 75' lang='lat' dir='ltr'>adde</span> <span class='ocrx_word' id='word_1_133' title='bbox 456 2450 619 2510; x_wconf 84' lang='lat' dir='ltr'>diametrus</span> <span class='ocrx_word' id='word_1_134' title='bbox 638 2453 748 2527; x_wconf 74' lang='lat' dir='ltr'>circuli,</span> <span class='ocrx_word' id='word_1_135' title='bbox 773 2471 841 2529; x_wconf 85' lang='lat' dir='ltr'>ergo</span> <span class='ocrx_word' id='word_1_136' title='bbox 862 2471 946 2511; x_wconf 84' lang='lat' dir='ltr'>araus</span> <span class='ocrx_word' id='word_1_137' title='bbox 965 2471 1005 2513; x_wconf 77' lang='lat' dir='ltr'>oa</span> <span class='ocrx_word' id='word_1_138' title='bbox 1027 2457 1071 2512; x_wconf 87' lang='lat' dir='ltr'>est</span> <span class='ocrx_word' id='word_1_139' title='bbox 1084 2465 1110 2505; x_wconf 77' lang='lat'>25</span> 
     </span>
     <span class='ocr_line' id='line_1_27' title="bbox 61 2537 1070 2617; baseline 0.002 -19"><span class='ocrx_word' id='word_1_140' title='bbox 61 2539 180 2614; x_wconf 87' lang='lat' dir='ltr'>equalis</span> <span class='ocrx_word' id='word_1_141' title='bbox 204 2538 286 2596; x_wconf 81' lang='lat' dir='ltr'>arcui</span> <span class='ocrx_word' id='word_1_142' title='bbox 309 2556 381 2612; x_wconf 80' lang='lat' dir='ltr'>uae,</span> <span class='ocrx_word' id='word_1_143' title='bbox 403 2538 500 2598; x_wconf 91' lang='lat' dir='ltr'>minor</span> <span class='ocrx_word' id='word_1_144' title='bbox 522 2540 634 2599; x_wconf 85' lang='lat' dir='ltr'>scilieet</span> <span class='ocrx_word' id='word_1_145' title='bbox 656 2540 770 2617; x_wconf 80' lang='lat' dir='ltr'>maiori,</span> <span class='ocrx_word' id='word_1_146' title='bbox 794 2541 872 2616; x_wconf 92' lang='lat' dir='ltr'>quod</span> <span class='ocrx_word' id='word_1_147' title='bbox 895 2543 940 2600; x_wconf 89' lang='lat' dir='ltr'>est</span> <span class='ocrx_word' id='word_1_148' title='bbox 962 2537 1070 2616; x_wconf 89' lang='lat' dir='ltr'>impos-</span> 
     </span>
    </p>
   </div>
   <div class='ocr_carea' id='block_1_4' title="bbox 59 2705 1071 2918">
    <p class='ocr_par' dir='ltr' id='par_1_7' title="bbox 59 2705 1071 2918">
     <span class='ocr_line' id='line_1_28' title="bbox 134 2705 1069 2781; baseline 0.003 -21"><span class='ocrx_word' id='word_1_149' title='bbox 134 2713 159 2761; x_wconf 88' lang='lat'>1.</span> <span class='ocrx_word' id='word_1_150' title='bbox 174 2705 357 2760; x_wconf 83' lang='lat' dir='ltr'>Abthiniatns</span> <span class='ocrx_word' id='word_1_151' title='bbox 369 2708 399 2761; x_wconf 86' lang='lat' dir='ltr'>et</span> <span class='ocrx_word' id='word_1_152' title='bbox 408 2706 546 2761; x_wconf 86' lang='lat' dir='ltr'>Diodorus</span> <span class='ocrx_word' id='word_1_153' title='bbox 557 2709 750 2781; x_wconf 83' lang='lat' dir='ltr'>ostenderunt]</span> <span class='ocrx_word' id='word_1_154' title='bbox 765 2709 911 2762; x_wconf 85' lang='lat' dir='ltr'>Anarieius</span> <span class='ocrx_word' id='word_1_155' title='bbox 927 2712 956 2763; x_wconf 90' lang='lat' dir='ltr'>et</span> <span class='ocrx_word' id='word_1_156' title='bbox 971 2710 1069 2763; x_wconf 78' lang='lat' dir='ltr'>d&#39;unus</span> 
     </span>
     <span class='ocr_line' id='line_1_29' title="bbox 61 2777 1071 2862; baseline 0.002 -29"><span class='ocrx_word' id='word_1_157' title='bbox 61 2777 225 2862; x_wconf 79' lang='lat' dir='ltr'>ostenderit.</span> <span class='ocrx_word' id='word_1_158' title='bbox 272 2778 371 2832; x_wconf 79' lang='lat' dir='ltr'>Veram</span> <span class='ocrx_word' id='word_1_159' title='bbox 395 2779 532 2833; x_wconf 76' lang='lat' dir='ltr'>lectionem</span> <span class='ocrx_word' id='word_1_160' title='bbox 554 2797 587 2834; x_wconf 78' lang='lat' dir='ltr'>ea</span> <span class='ocrx_word' id='word_1_161' title='bbox 610 2782 727 2835; x_wconf 73' lang='lat' dir='ltr'>editione</span> <span class='ocrx_word' id='word_1_162' title='bbox 750 2781 1071 2851; x_wconf 76' lang='lat' dir='ltr'>Besthoraa&#39;i-Heiberpa&#39;i</span> 
     </span>
     <span class='ocr_line' id='line_1_30' title="bbox 59 2867 156 2918; baseline 0 -15"><span class='ocrx_word' id='word_1_163' title='bbox 59 2867 156 2918; x_wconf 77' lang='lat' dir='ltr'>recept.</span> 
     </span>
    </p>
   </div>
   <div class='ocr_carea' id='block_1_5' title="bbox 60 3025 1070 3594">
    <p class='ocr_par' dir='ltr' id='par_1_8' title="bbox 60 3025 1070 3381">
     <span class='ocr_line' id='line_1_31' title="bbox 125 3025 1070 3095; baseline 0.001 -15"><span class='ocrx_word' id='word_1_164' title='bbox 125 3029 150 3095; x_wconf 90' lang='lat'>1)</span> <span class='ocrx_word' id='word_1_165' title='bbox 161 3026 214 3080; x_wconf 89' lang='lat' dir='ltr'>Hie</span> <span class='ocrx_word' id='word_1_166' title='bbox 223 3025 338 3081; x_wconf 88' lang='lat' dir='ltr'>nomina</span> <span class='ocrx_word' id='word_1_167' title='bbox 348 3042 382 3080; x_wconf 85' lang='lat' dir='ltr'>ex</span> <span class='ocrx_word' id='word_1_168' title='bbox 392 3025 515 3080; x_wconf 89' lang='lat' dir='ltr'>editione</span> <span class='ocrx_word' id='word_1_169' title='bbox 525 3026 741 3082; x_wconf 81' lang='lat' dir='ltr'>arabica-latina</span> <span class='ocrx_word' id='word_1_170' title='bbox 750 3027 1070 3082; x_wconf 61' lang='lat' dir='ltr'>antinoum-Hammon</span> 
     </span>
     <span class='ocr_line' id='line_1_32' title="bbox 60 3096 1069 3168; baseline 0.002 -17"><span class='ocrx_word' id='word_1_171' title='bbox 60 3098 92 3151; x_wconf 89' lang='lat' dir='ltr'>in</span> <span class='ocrx_word' id='word_1_172' title='bbox 110 3099 218 3152; x_wconf 81' lang='lat' dir='ltr'>textum</span> <span class='ocrx_word' id='word_1_173' title='bbox 237 3096 342 3166; x_wconf 84' lang='lat' dir='ltr'>recepi,</span> <span class='ocrx_word' id='word_1_174' title='bbox 367 3096 464 3165; x_wconf 86' lang='lat' dir='ltr'>quales</span> <span class='ocrx_word' id='word_1_175' title='bbox 485 3097 570 3152; x_wconf 88' lang='lat' dir='ltr'>etiam</span> <span class='ocrx_word' id='word_1_176' title='bbox 590 3098 752 3152; x_wconf 71' lang='lat' dir='ltr'>Garumnam</span> <span class='ocrx_word' id='word_1_177' title='bbox 771 3098 872 3168; x_wconf 83' lang='lat' dir='ltr'>legisse</span> <span class='ocrx_word' id='word_1_178' title='bbox 891 3099 1013 3168; x_wconf 83' lang='lat' dir='ltr'>videtur,</span> <span class='ocrx_word' id='word_1_179' title='bbox 1037 3103 1069 3153; x_wconf 88' lang='lat' dir='ltr'>ut</span> 
     </span>
     <span class='ocr_line' id='line_1_33' title="bbox 63 3166 1068 3239; baseline -0.001 -16"><span class='ocrx_word' id='word_1_180' title='bbox 63 3168 190 3237; x_wconf 88' lang='lat' dir='ltr'>sequitur</span> <span class='ocrx_word' id='word_1_181' title='bbox 213 3185 246 3223; x_wconf 87' lang='lat' dir='ltr'>ex</span> <span class='ocrx_word' id='word_1_182' title='bbox 271 3167 326 3222; x_wconf 88' lang='lat' dir='ltr'>alio</span> <span class='ocrx_word' id='word_1_183' title='bbox 347 3166 409 3222; x_wconf 86' lang='lat' dir='ltr'>loco</span> <span class='ocrx_word' id='word_1_184' title='bbox 433 3169 470 3222; x_wconf 87' lang='lat' dir='ltr'>ed</span> <span class='ocrx_word' id='word_1_185' title='bbox 488 3169 708 3237; x_wconf 85' lang='lat' dir='ltr'>propositionem</span> <span class='ocrx_word' id='word_1_186' title='bbox 727 3175 806 3235; x_wconf 61' lang='lat' dir='ltr'>atim,</span> <span class='ocrx_word' id='word_1_187' title='bbox 834 3169 884 3224; x_wconf 92' lang='lat' dir='ltr'>ubi</span> <span class='ocrx_word' id='word_1_188' title='bbox 906 3172 1068 3239; x_wconf 87' lang='lat' dir='ltr'>repetuntur</span> 
     </span>
     <span class='ocr_line' id='line_1_34' title="bbox 60 3238 1067 3309; baseline -0.001 -14"><span class='ocrx_word' id='word_1_189' title='bbox 60 3239 184 3295; x_wconf 86' lang='lat' dir='ltr'>nomina.</span> <span class='ocrx_word' id='word_1_190' title='bbox 213 3239 254 3292; x_wconf 90' lang='lat' dir='ltr'>De</span> <span class='ocrx_word' id='word_1_191' title='bbox 269 3238 394 3292; x_wconf 80' lang='lat' dir='ltr'>D1onon0</span> <span class='ocrx_word' id='word_1_192' title='bbox 415 3239 509 3294; x_wconf 79' lang='lat' dir='ltr'>confer</span> <span class='ocrx_word' id='word_1_193' title='bbox 523 3240 699 3294; x_wconf 81' lang='lat' dir='ltr'>Hunnsomou</span> <span class='ocrx_word' id='word_1_194' title='bbox 717 3240 747 3293; x_wconf 92' lang='lat' dir='ltr'>in</span> <span class='ocrx_word' id='word_1_195' title='bbox 760 3239 935 3309; x_wconf 87' lang='lat' dir='ltr'>praefatione</span> <span class='ocrx_word' id='word_1_196' title='bbox 950 3241 986 3294; x_wconf 88' lang='lat' dir='ltr'>ad</span> <span class='ocrx_word' id='word_1_197' title='bbox 1000 3242 1067 3294; x_wconf 76' lang='lat' dir='ltr'>Pan·</span> 
     </span>
     <span class='ocr_line' id='line_1_35' title="bbox 60 3310 996 3381; baseline 0.001 -16"><span class='ocrx_word' id='word_1_198' title='bbox 60 3330 115 3365; x_wconf 74' lang='lat' dir='ltr'>suu</span> <span class='ocrx_word' id='word_1_199' title='bbox 132 3311 180 3379; x_wconf 88' lang='lat' dir='ltr'><strong>III,</strong></span> <span class='ocrx_word' id='word_1_200' title='bbox 199 3310 331 3365; x_wconf 87' lang='lat' dir='ltr'>IX-XII.</span> <span class='ocrx_word' id='word_1_201' title='bbox 364 3310 418 3364; x_wconf 89' lang='lat' dir='ltr'>Sed</span> <span class='ocrx_word' id='word_1_202' title='bbox 437 3310 499 3378; x_wconf 89' lang='lat' dir='ltr'>quis</span> <span class='ocrx_word' id='word_1_203' title='bbox 519 3311 556 3364; x_wconf 90' lang='lat' dir='ltr'>sit</span> <span class='ocrx_word' id='word_1_204' title='bbox 573 3311 769 3381; x_wconf 59' lang='lat' dir='ltr'>mammenus,</span> <span class='ocrx_word' id='word_1_205' title='bbox 788 3329 899 3380; x_wconf 88' lang='lat' dir='ltr'>prorsus</span> <span class='ocrx_word' id='word_1_206' title='bbox 918 3311 996 3366; x_wconf 83' lang='lat' dir='ltr'>latet.</span> 
     </span>
    </p>

    <p class='ocr_par' dir='ltr' id='par_1_9' title="bbox 60 3380 1067 3594">
     <span class='ocr_line' id='line_1_36' title="bbox 124 3380 1067 3462; baseline 0 -27"><span class='ocrx_word' id='word_1_207' title='bbox 124 3384 151 3451; x_wconf 82' lang='lat'>2)</span> <span class='ocrx_word' id='word_1_208' title='bbox 178 3381 276 3450; x_wconf 86' lang='lat' dir='ltr'>Neque</span> <span class='ocrx_word' id='word_1_209' title='bbox 299 3386 333 3436; x_wconf 83' lang='grc'>26</span> <span class='ocrx_word' id='word_1_210' title='bbox 362 3381 447 3435; x_wconf 87' lang='lat' dir='ltr'>debet</span> <span class='ocrx_word' id='word_1_211' title='bbox 473 3380 542 3462; x_wconf 82' lang='lat' dir='ltr'>legi,</span> <span class='ocrx_word' id='word_1_212' title='bbox 570 3399 660 3450; x_wconf 90' lang='lat' dir='ltr'>neque</span> <span class='ocrx_word' id='word_1_213' title='bbox 683 3390 716 3438; x_wconf 81' lang='lat'>28</span> <span class='ocrx_word' id='word_1_214' title='bbox 740 3385 772 3436; x_wconf 91' lang='lat' dir='ltr'>ut</span> <span class='ocrx_word' id='word_1_215' title='bbox 795 3381 893 3437; x_wconf 86' lang='lat' dir='ltr'>dieunt</span> <span class='ocrx_word' id='word_1_216' title='bbox 913 3383 1067 3435; x_wconf 70' lang='lat' dir='ltr'>Basanoau-</span> 
     </span>
     <span class='ocr_line' id='line_1_37' title="bbox 60 3451 1066 3523; baseline -0.002 -17"><span class='ocrx_word' id='word_1_217' title='bbox 60 3452 194 3520; x_wconf 60' lang='lat' dir='ltr'>Humana</span> <span class='ocrx_word' id='word_1_218' title='bbox 214 3453 271 3522; x_wconf 86' lang='lat' dir='ltr'>sed,</span> <span class='ocrx_word' id='word_1_219' title='bbox 291 3455 323 3506; x_wconf 85' lang='lat' dir='ltr'>ut</span> <span class='ocrx_word' id='word_1_220' title='bbox 339 3469 392 3507; x_wconf 90' lang='lat' dir='ltr'>suo</span> <span class='ocrx_word' id='word_1_221' title='bbox 411 3452 472 3506; x_wconf 84' lang='lat' dir='ltr'>loeo</span> <span class='ocrx_word' id='word_1_222' title='bbox 486 3451 636 3523; x_wconf 75' lang='lat' dir='ltr'>ridebitur,</span> <span class='ocrx_word' id='word_1_223' title='bbox 655 3453 802 3507; x_wconf 77' lang='lat' dir='ltr'>Ammmus</span> <span class='ocrx_word' id='word_1_224' title='bbox 816 3452 952 3508; x_wconf 87' lang='lat' dir='ltr'>theoriam</span> <span class='ocrx_word' id='word_1_225' title='bbox 969 3453 1066 3507; x_wconf 76' lang='lat' dir='ltr'>Gaium</span> 
     </span>
     <span class='ocr_line' id='line_1_38' title="bbox 62 3523 498 3594; baseline 0 -16"><span class='ocrx_word' id='word_1_226' title='bbox 62 3523 99 3578; x_wconf 87' lang='lat' dir='ltr'>ad</span> <span class='ocrx_word' id='word_1_227' title='bbox 117 3523 337 3594; x_wconf 86' lang='lat' dir='ltr'>propositionem</span> <span class='ocrx_word' id='word_1_228' title='bbox 357 3529 390 3577; x_wconf 75' lang='lat'>29</span> <span class='ocrx_word' id='word_1_229' title='bbox 410 3523 498 3578; x_wconf 87' lang='lat' dir='ltr'>addit.</span> 
     </span>
    </p>
   </div>
   <div class='ocr_carea' id='block_1_6' title="bbox 880 3612 917 3666">
    <p class='ocr_par' dir='ltr' id='par_1_10' title="bbox 880 3612 917 3666">
     <span class='ocr_line' id='line_1_39' title="bbox 880 3612 917 3666; baseline 0 -24"><span class='ocrx_word' id='word_1_230' title='bbox 880 3612 917 3666; x_wconf 48' lang='lat' dir='ltr'>¹5ss</span> 
     </span>
    </p>
   </div>
   <div class='ocr_carea' id='block_1_7' title="bbox 0 0 1174 3834">
    <p class='ocr_par' dir='ltr' id='par_1_11' title="bbox 0 0 1174 3834">
     <span class='ocr_line' id='line_1_40' title="bbox 0 0 1174 3834; baseline 0 1"><span class='ocrx_word' id='word_1_231' title='bbox 0 0 1174 3834; x_wconf 95' lang='lat' dir='ltr'> </span> 
     </span>
    </p>
   </div>
  </div>
 </body>
</html>
