2340 3834
381 162 432 215 AD
451 161 635 216 EUOLIDEM
653 161 719 216 LlB.
734 161 767 216 X.
1007 162 1071 226 329

16 337 43 386 30
61 330 149 389 addit
172 349 261 406 supra
286 326 290 409 Ι
315 331 493 406 quadratum
516 330 655 406 secunde,
684 330 762 407 quod
785 333 830 389 est
854 332 909 405 13,
937 335 1072 407 quatuor,

62 421 148 478 cuius
176 420 277 494 lateri,
310 419 388 494 quod
416 422 461 478 θεὴ
490 421 523 494 2,
555 421 753 478 communicat
779 420 896 496 longior
923 420 1014 478 sectio
1040 420 1072 478 in

61 508 252 585 longitudine
284 509 444 566 secundum
476 508 667 583 quantitates.
722 508 879 586 Longioris
910 529 980 568 vero
1013 527 1072 567 sec·

61 597 153 656 tionis
178 597 301 672 quarti
323 597 503 672 quadratum
522 597 606 655 addit
624 616 713 673 supra
733 597 913 673 quadratum
929 597 1072 657 brevioris

62 685 259 761 superficiem,
282 686 366 745 cuius
389 704 460 744 area
483 689 528 745 est
552 689 602 761 10,
626 689 655 744 θὴ
677 687 762 744 radix
783 689 824 745 10
842 687 1074 745 incommunicat
1100 700 1107 738 ὴ

60 775 158 834 radici
185 777 206 833 4
233 775 266 833 in
292 775 492 853 longitudine,
519 775 660 850 quoniam
687 777 707 832 4
735 775 767 833 in
796 777 838 834 10
859 775 937 833 fiunt
959 777 1015 850 40,
1044 779 1074 834 θὴ

60 865 126 939 ipse
155 867 201 922 θεὴ
224 864 340 923 surdus.
386 863 444 922 Sed
466 864 583 940 longior
605 864 684 921 linea
707 864 797 939 primi
820 866 850 921 θὴ
872 864 973 940 quarti
996 883 1073 924 com·

60 953 196 1011 municat
223 954 303 1011 omni
329 952 407 1010 linee
434 951 575 1010 rationali
602 952 671 1011 date
697 953 738 1010 in'
756 952 951 1029 longitudine.
995 952 1073 1011 Lon·

61 1041 155 1118 gioris
186 1060 258 1100 vero
286 1041 424 1100 sectionis
452 1041 610 1114 secundi,
642 1060 699 1116 que
727 1043 773 1099 est
798 1040 883 1098 radix
910 1042 967 1115 45,
999 1059 1073 1117 qua·

61 1130 184 1188 dratum
207 1129 291 1187 addit
313 1148 403 1205 supra
427 1129 608 1205 quadratum
629 1130 752 1188 minoris
775 1128 967 1205 superficiem,
991 1129 1073 1190 cuius
1088 1145 1107 1184 u

61 1236 132 1276 area
165 1222 210 1276 est
239 1221 295 1292 20,
323 1237 380 1294 que
408 1221 453 1276 est
480 1218 698 1277 communicans
724 1218 819 1277 radici
847 1219 904 1293 45,
933 1218 1074 1294 quoniam

60 1307 128 1382 ipsa
156 1310 202 1365 est
229 1299 262 1386 Ἰ,
288 1306 381 1382 ipsius
407 1299 488 1382 20.1)
544 1307 623 1365 Nam
648 1307 681 1365 in
708 1308 750 1366 45
778 1326 886 1366 novem
913 1307 1073 1382 quinquies

59 1395 166 1470 fuerit,
189 1415 247 1471 que
271 1398 316 1454 est
339 1395 506 1471 superficies
530 1394 690 1473 quadrata,
713 1400 744 1455 et
766 1396 857 1455 etiam
879 1396 958 1471 quod
980 1395 1016 1455 fit
1038 1415 1075 1456 ex

60 1483 312 1559 multiplicatione
339 1484 429 1542 tercie
457 1484 488 1541 in
515 1484 639 1542 terciam
660 1484 896 1560 multiplicatum
918 1485 950 1542 in
973 1486 1015 1543 45
1039 1484 1076 1544 fit

63 1574 96 1647 5,
125 1572 209 1632 cuius
236 1573 322 1631 radix
349 1575 394 1632 θεὴ
420 1573 513 1631 tercia
538 1572 647 1631 radicis
675 1575 726 1632 45.
776 1572 849 1632 Cum
877 1590 947 1650 ergo
974 1573 1107 1649 ipsamu

61 1662 187 1737 duplare
210 1662 405 1735 voluerimus,
432 1661 667 1736 multiplicamus
692 1664 710 1720 2
733 1661 765 1720 in
790 1664 824 1738 2,
852 1665 882 1720 θὴ
904 1661 985 1737 quod
1005 1680 1074 1738 pro·

59 1751 146 1810 venit
173 1752 206 1808 in
235 1752 267 1826 5,
296 1754 326 1808 θὴ
353 1753 439 1808 erunt
465 1752 515 1809 20.
560 1750 657 1808 Radix
679 1750 772 1828 igitur
794 1752 857 1810 eius
881 1753 926 1810 est
949 1741 982 1830 ²l,
1005 1744 1075 1830 <ra-

60 1835 157 1917 dicis>
181 1840 232 1914 45,
256 1859 313 1914 que
337 1842 382 1898 est
405 1838 529 1915 duplum
550 1840 640 1898 tercie
662 1840 771 1899 radicis
790 1841 842 1899 45.
883 1838 980 1899 Sectio
1000 1858 1075 1916 quo-

61 1947 120 2003 que
138 1928 257 1986 brevior
274 1928 473 1987 communicat
490 1928 567 1985 linee
586 1928 726 1987 rationali
744 1929 813 1987 date
831 1929 864 1987 in
876 1928 1075 2006 longitudine.

62 2015 210 2075 Sectionis
232 2035 303 2075 vero
326 2016 469 2093 longioris
492 2017 612 2091 quinti
635 2017 821 2092 quadratum,
844 2037 901 2092 que
925 2019 971 2076 θεὴ
987 2018 1107 2077 radin(

64 2106 121 2180 24,
149 2104 232 2163 addit
259 2123 348 2180 supra
376 2105 558 2180 quadratum
580 2105 715 2179 minoris,
742 2106 821 2180 quod
844 2109 890 2164 est
913 2107 946 2180 9,
973 2123 1075 2182 super·

60 2193 173 2268 ficiem,
201 2194 284 2251 cuius
312 2212 382 2252 area
410 2197 454 2252 est
479 2194 533 2266 15,
561 2213 617 2268 que
640 2196 686 2251 est
707 2194 959 2252 incommunicans
980 2193 1077 2255 radici

61 2284 105 2339 24
129 2283 161 2340 in
183 2282 384 2358 longitudine,
413 2283 552 2358 quoniam
575 2281 785 2356 multiplicatio
807 2282 895 2340 unius
918 2299 1021 2341 earum
1042 2283 1076 2342 in

63 2371 192 2429 alteram
215 2373 260 2428 θεὴ
282 2372 379 2429 surda.
426 2370 484 2428 Sed
505 2371 648 2447 longioris
670 2371 808 2429 sectionis
830 2371 951 2445 tercii,
972 2365 1075 2450 <que>

62 2463 108 2518 est
134 2460 220 2517 radix
248 2461 326 2533 108,
353 2459 533 2535 quadratum
556 2458 640 2517 addit
661 2477 751 2535 supra
773 2458 956 2534 quadratum
977 2459 1107 2519 brevi-rr

62 2549 123 2607 oris
152 2547 346 2623 quadratum,
375 2549 457 2606 cuius
485 2566 555 2605 area
582 2550 627 2606 θεὴ
654 2549 711 2622 48,
738 2550 768 2606 θὴ
794 2547 879 2607 radix
906 2549 970 2608 eius
996 2567 1074 2608 com·

60 2638 197 2695 munioat
214 2636 308 2694 radici
329 2637 391 2696 108
410 2637 442 2693 in
460 2636 655 2714 longitudine,
674 2637 815 2711 quoniam
832 2638 899 2713 ipsa
917 2641 962 2696 est
975 2631 1076 2716 <due>

60 2727 154 2784 tercie
183 2717 294 2801 eius2),
326 2728 356 2782 θὴ
387 2726 529 2800 quoniam
560 2724 771 2800 multiplicatio
797 2726 887 2785 unius
914 2744 1017 2786 earum
1041 2727 1074 2785 in

61 2816 190 2873 alteram
219 2817 264 2872 est
287 2813 476 2888 quadratum.
521 2813 653 2891 Longior
674 2833 744 2873 vero
768 2816 859 2874 sectio
883 2816 988 2891 sexti,
1015 2834 1075 2892 que

62 2906 107 2961 θεὴ
129 2901 216 2961 radix
240 2903 269 2976 8,
292 2905 392 2977 potest
415 2921 504 2977 supra
526 2903 700 2979 breviorem,
723 2923 781 2979 que
804 2906 850 2962 est
870 2903 956 2962 radix
978 2905 1007 2980 3,
1030 2918 1107 2965 seu

135 3129 177 3177 12.
195 3121 259 3191 ipsi.
278 3154 314 3163 —
332 3123 492 3195 quinquies]
511 3140 552 3178 eo.

134 3340 161 3407 1)
180 3335 251 3391 vui
268 3334 403 3404 naenia:
424 3325 488 3408 uei
502 3364 535 3382 =
549 3319 647 3410 {um

134 3429 161 3496 2)
179 3425 233 3479 Hic
252 3425 400 3478 Amemus
422 3425 466 3478 vel
485 3424 648 3480 Germanus
669 3426 758 3481 tercia
780 3445 831 3496 pro
850 3426 960 3481 duabus
977 3426 1062 3483 tercii

62 3530 207 3600 scripsisse
225 3531 343 3600 videtur,
370 3530 438 3600 quia
457 3520 522 3606 ild—8
538 3515 610 3610 n}
646 3539 714 3591 108.
