2316 3840
341 170 392 225 AD
408 169 595 225 EUCLIDEM
613 171 680 225 LIB.
694 170 741 225 ΠΙ.
983 171 1047 236 123

35 347 96 406 ior
141 341 275 419 angulo
303 342 368 414 eyb.
418 338 477 399 Sed
508 340 587 399 latus
616 358 653 399 ea
681 342 726 398 est
753 341 858 415 equale
885 339 975 398 lateri
1002 357 1047 415 ey,

35 431 122 514 go>
157 429 335 491 seeundum
356 428 562 505 probationem
583 429 677 506 figure
702 430 734 487 50
756 428 850 504 partis
873 429 967 504 prime
991 429 1048 487 erit

35 526 143 602 nilus
174 520 247 580 eab
273 518 385 594 equalis
408 519 519 595 angulo
543 520 610 592 eyb.
652 516 709 576 Sed
732 518 793 575 iem
812 518 872 575 fuit
889 519 985 577 maior
1003 537 1047 592 ee,

35 616 76 675 >d
124 614 184 670 est
224 607 408 667 contranium
438 610 468 666 et
499 607 689 682 impossibile.
739 605 833 665 Linea
864 626 933 683 ergo
965 611 1047 666 reeta

35 727 44 762 ι
84 702 196 762 secat
226 696 484 756 cireonferentiam
505 695 608 754 eireuli
631 714 721 769 supra
743 699 829 755 notas
852 697 951 772 plures
975 696 1046 755 dua·
1074 708 1086 747 5

35 816 56 870 ⁵3
91 794 136 850 et
164 786 256 846 illud
280 788 333 862 est,
357 785 436 861 quod
459 784 661 844 demonstrare
683 784 842 844 voluimus.

576 872 609 930 Si
631 872 741 948 aliquis
764 873 884 947 dixerit,
906 874 1046 949 possibile

100 962 128 1015 6
486 965 539 1036 est,
562 965 597 1020 ut
621 962 755 1020 centrum
773 962 876 1021 circuli
899 963 938 1021 sit
956 981 1046 1038 supra

485 1051 596 1109 lineam
629 1052 706 1126 uby,
744 1050 809 1109 dieo
841 1051 935 1128 igitur
965 1055 1046 1126 tune,

265 1138 284 1177 ²
423 1207 448 1241 a
486 1140 557 1215 quia
574 1139 715 1216 possibile
734 1139 774 1197 sit
792 1140 844 1213 ita,
869 1140 947 1215 quod
965 1136 1088 1217 <sit>1o

485 1247 576 1305 supra
588 1231 723 1288 notams.
747 1229 788 1286 Et
798 1229 1047 1304 quiapunctumz

484 1320 529 1377 est
561 1320 695 1376 centrum
727 1317 829 1376 eireuh
860 1319 937 1392 uby,
976 1337 1046 1395 ergo

483 1407 563 1464 linea
596 1424 636 1465 az
668 1410 713 1465 est
745 1406 859 1483 equalis
891 1407 967 1466 lines
995 1409 1046 1480 zb3

484 1498 515 1553 et
547 1496 638 1554 etiam
669 1495 749 1554 linea
777 1513 818 1556 sa
855 1500 900 1555 est
933 1496 1046 1572 equalis

484 1584 561 1642 linee
593 1586 666 1658 sbq:
699 1604 769 1661 ergo
801 1585 880 1644 linea
909 1587 971 1659 uby
1002 1589 1047 1644 est
1062 1597 1087 1636 15

485 1672 599 1748 equalis
621 1672 699 1731 linee
717 1675 764 1748 ab,
788 1693 858 1750 ergo
880 1675 960 1733 linea
976 1676 1047 1749 ybs,

486 1781 542 1837 que
562 1765 607 1820 est
625 1761 729 1836 maior,
748 1764 793 1821 est
812 1763 925 1838 equalis
939 1763 1048 1823 minori

35 1881 78 1920 ee
118 1857 185 1927 ab,
219 1850 299 1927 quod
328 1854 372 1910 est
399 1850 615 1912 inconveniens.
661 1850 755 1909 Linea
783 1871 852 1929 ergo
880 1856 962 1912 reeta
987 1873 1046 1913 non

35 1953 85 2009 :at
134 1942 292 2002 circulum
322 1940 354 1998 in
386 1943 464 2001 notis
496 1939 630 2015 pluribus
664 1939 792 2015 duabus3
827 1944 859 2000 et
884 1942 961 2000 illud
989 1947 1046 2016 est,

510 2028 591 2105 quod
614 2028 815 2087 demonstrare
838 2030 994 2089 voluimus,
1060 2044 1086 2082 20

227 2109 253 2162 ὦ
593 2117 678 2175 Dixit
695 2118 814 2176 Ymuus
839 2119 929 2178 etiam
949 2120 982 2177 in
1000 2120 1045 2177 fi-

510 2225 598 2283 gura
635 2205 858 2264 duodecima:
903 2208 978 2266 Diuo
1014 2208 1045 2265 in

510 2295 565 2354 hae
592 2296 703 2372 figura,
731 2295 824 2370 quod,
853 2295 878 2353 si
904 2295 1046 2372 possibile

511 2387 564 2458 est,
582 2386 617 2441 ut
636 2384 694 2442 duo
714 2383 818 2442 circuli
836 2383 868 2441 in
881 2384 961 2443 notis
979 2385 1012 2461 pl
1034 2416 1046 2426 ·

510 2472 592 2531 ribus
620 2493 680 2531 uns
703 2491 733 2531 se
757 2472 947 2550 contingant,
974 2476 1046 2532 tune
1060 2486 1086 2526 25

444 2535 473 2591 ‘b
510 2561 568 2620 duo
597 2561 701 2619 circuli
723 2580 778 2638 aq,
802 2563 844 2620 bd
871 2562 1047 2640 contingant

511 2668 542 2708 se
566 2650 744 2709 intrinsecus
762 2651 794 2709 in
812 2651 946 2726 pluribus
966 2652 1045 2711 notis

511 2756 601 2814 quam
623 2758 691 2797 una.
737 2739 852 2799 Ponam
874 2741 986 2816 itaque,
1012 2743 1046 2798 ut

179 2822 231 2921 εχ
510 2827 686 2903 contingant
709 2846 739 2886 se
758 2847 848 2903 supra
867 2829 941 2887 duas
959 2833 1046 2888 notas

221 2947 249 3001 9
510 2935 529 2974 a
544 2919 573 2974 et
585 2935 613 2991 y,
628 2920 659 2974 et
671 2915 823 2975 inveniam
837 2921 938 2976 eentra
953 2918 1044 2975 circu·
1059 2930 1085 2969 ³⁰

509 3005 605 3063 lorum
620 3023 670 3079 aq,
681 3006 731 3080 bd,
746 3006 824 3064 sieut
837 3011 989 3066 ostensum
1001 3009 1046 3065 est

56 3091 263 3179 probatione
280 3091 374 3169 figune
393 3092 487 3168 prime
506 3093 594 3153 huius
612 3094 716 3168 partu,
739 3097 770 3152 et
792 3114 910 3170 ponam,
933 3100 968 3154 ut
986 3095 1046 3154 sint

35 3197 95 3252 tra
139 3181 289 3241 circulum
316 3199 365 3254 ay.
417 3178 502 3249 Quod
534 3182 560 3240 si
592 3183 659 3257 quis
690 3183 810 3257 dixerit,
841 3180 954 3260 <unum
983 3203 1045 3244 esse

35 3285 101 3340 tra
139 3269 287 3330 circulum
309 3264 386 3347 α9,>
412 3269 522 3328 faciam
545 3273 679 3329 centrum
702 3271 805 3330 circuli
828 3292 870 3346 aq
892 3277 996 3332 notam
1017 3275 1045 3348 11,

85 3488 120 3536 3,
153 3473 214 3530 fuit
240 3475 380 3541 ostensum
408 3474 504 3529 maior.
529 3506 562 3515 -
593 3481 633 3530 10.
660 3473 796 3545 possibile
822 3475 859 3529 sit
885 3476 991 3544 itaque.
1011 3509 1045 3516 —

40 3604 48 3616 ,
73 3549 161 3624 quia
181 3544 258 3600 linea
274 3561 296 3600 a,
318 3549 482 3601 -15-16.
503 3563 571 3618 ergo
672 3546 750 3603 lines
771 3549 807 3606 ab
825 3549 958 3605 iteratus.
