2340 3834
388 149 439 204 AD
456 148 641 206 dodamin
657 149 723 206 nm.
737 150 758 206 I.
1048 150 1068 214 3

64 321 133 395 bus,
158 318 265 378 dieitur
286 337 346 378 non
368 319 476 376 habere
497 321 621 394 partem.
670 318 738 377 Non
760 321 859 377 tamen
882 308 990 377 dieitur
1011 337 1070 378 non

65 409 177 467 habere
200 410 316 484 partem
337 407 395 466 nisi
418 407 492 482 ideo,
516 408 595 483 qnod
617 424 677 465 non
698 407 787 465 habet
804 403 938 486 (genus)
961 407 1070 465 dimen-

69 497 181 557 sionem
207 496 356 569 habentis,
392 516 487 572 neque
523 496 641 555 omnino
678 496 718 554 sit
751 496 840 556 unius
876 499 906 554 et
941 496 1071 554 eiusdem

72 585 184 663 generis
212 604 279 644 aum
309 585 359 658 eis,
387 605 443 661 que
470 584 581 644 habent
607 584 808 643 dimensiones.
861 585 961 643 Motus
992 586 1071 642 enim

69 673 158 733 habet
189 673 416 733 eontinuitatem
450 676 480 731 at
511 672 732 746 dimensionem,
764 693 821 732 non
853 676 952 731 tamen
982 674 1072 732 habet
1097 689 1110 729 s

69 781 119 822 eas
142 762 200 821 uisi
223 781 258 820 ex
281 762 457 836 quantitate.
508 761 650 820 Similiter
677 781 795 837 quoque
823 762 988 837 superficies
1012 782 1070 822 uon

67 852 159 910 habet
186 869 236 909 aas
258 850 317 908 nisi
340 869 376 908 ex
392 854 489 910 motu:
517 870 586 928 ergo
608 849 675 909 finis
701 855 799 909 motus
821 853 851 909 et
876 851 989 910 instans
1012 871 1071 910 non

68 940 105 999 ob
129 939 213 998 aliud
235 942 306 998 sunt
332 958 391 997 uon
417 939 557 998 habentia
578 942 693 1015 partem
720 942 750 997 et
779 939 987 998 dimensionem
1014 940 1071 998 nisi

66 1031 191 1105 propter
212 1031 364 1103 punotum.
413 1028 563 1086 Punctum
590 1045 659 1105 ergo
686 1027 769 1104 prius
797 1030 827 1085 et
851 1030 998 1104 posterius
1026 1032 1071 1087 est

66 1117 229 1176 indivisum
252 1120 282 1175 et
303 1116 507 1175 indimsnsum.
552 1117 743 1175 Manifestum
766 1135 884 1192 quoque
907 1119 964 1192 est,
992 1118 1071 1194 quod
1084 1133 1110 1172 io

66 1209 222 1282 puuctum,
246 1205 326 1281 quod
349 1209 393 1264 est
414 1205 510 1282 magis
532 1204 655 1280 simplex
679 1224 769 1280 quam
791 1206 877 1279 linea,
899 1225 959 1265 non
985 1205 1069 1264 dimi·

66 1294 136 1354 nuit
158 1293 273 1369 aliquid
295 1312 406 1370 eorum,
430 1313 488 1369 qua
505 1294 616 1352 habent
632 1293 836 1368 dimensiones,
858 1313 925 1352 oum
941 1295 1071 1370 partitur

66 1401 113 1457 ea,
139 1401 236 1458 neque
264 1385 355 1459 auget
381 1401 429 1456 ea,
457 1402 490 1442 eo
518 1383 598 1458 quod
624 1400 682 1440 non
708 1383 798 1441 habet
823 1386 938 1458 partem
965 1386 995 1441 et
1026 1386 1071 1441 est

65 1472 137 1530 finis
160 1490 270 1530 eorum
317 1470 349 1528 Si
372 1472 439 1546 quis
463 1473 563 1529 autem
584 1471 688 1547 puncti
709 1472 851 1530 viitutem
878 1472 950 1530 scire
974 1471 1070 1547 quesi-

66 1561 135 1634 erit,
158 1559 239 1636 quod
261 1563 306 1619 est
327 1561 423 1637 magis
445 1560 568 1635 simplex
591 1578 681 1635 quam
707 1560 798 1634 linea,
827 1561 858 1617 in
884 1560 1070 1619 sensibilibus
1084 1572 1109 1612 15

65 1649 250 1726 imaginetur
272 1651 406 1707 sentium
428 1649 522 1707 tocius
545 1651 575 1707 et
597 1649 688 1723 polos

156 1738 261 1796 Preter
282 1737 358 1796 hana
376 1756 446 1797 vero
463 1737 557 1795 multe
575 1737 632 1795 alie
651 1737 840 1796 diffinitiones
857 1741 967 1812 puncto
986 1738 1070 1796 attii·

64 1827 139 1886 bute
155 1827 283 1884 fuerunt

156 1908 358 1992 Haauunnsl)
387 1931 457 1973 vero
480 1914 567 1988 dixit,
594 1914 674 1990 quod
699 1916 868 1990 punctum
895 1917 948 1973 est
973 1916 1069 1990 prin-

64 2003 203 2078 cipium
231 2003 386 2062 omnium
418 2003 664 2078 quantitatum
695 2002 895 2062 indivisum.
945 2002 985 2061 Et
1010 2004 1109 2061 for-ao

65 2093 148 2152 sitan
169 2112 230 2151 non
253 2091 289 2150 ob
313 2091 396 2150 aliud
418 2093 460 2150 sio
482 2091 629 2167 diffinivit,
651 2092 709 2150 nisi
730 2095 765 2150 ut
788 2095 864 2150 esset
885 2091 1070 2151 diffinitionis

65 2181 220 2241 conversio
242 2182 409 2239 manifesta.

157 2261 406 2345 Anosnnmmsl)
432 2272 532 2328 autem
549 2268 631 2342 dixit,
655 2268 732 2344 quod
754 2272 920 2344 punctum
940 2272 992 2328 est
1015 2288 1070 2326 ex-

63 2358 235 2418 tremitas
256 2376 325 2417 non
342 2357 474 2416 habens
492 2357 758 2432 dimensionem,
782 2359 843 2415 aut
861 2357 1069 2416 extremitas

61 2448 171 2506 linea.
1083 2465 1109 2506 as

159 2533 218 2592 Sed
239 2533 377 2594 diffinitio
404 2535 498 2612 magis
520 2534 686 2610 propinqua
708 2533 864 2593 intentioni
892 2537 948 2608 est,
969 2538 1005 2593 ut
1027 2535 1069 2594 di·

65 2626 164 2698 naum,
183 2622 262 2698 quod
279 2627 451 2698 punctum
473 2626 539 2697 est,
562 2621 655 2697 quod
672 2640 739 2681 non
757 2623 863 2680 habet
881 2622 1068 2683 dimensio-

64 2732 147 2772 nem
170 2711 393 2787 quantitatis
421 2711 601 2786 continue,
628 2710 759 2769 habens
786 2710 901 2769 situm.
950 2712 987 2769 ln
1015 2713 1069 2770 hao

66 2801 149 2861 enim
176 2799 352 2858 diffinitione
384 2799 554 2876 appositum
583 2800 627 2857 est
657 2798 753 2856 maius
780 2817 884 2876 genus,
916 2800 994 2874 quod
1025 2802 1070 2858 est

67 2889 238 2966 quantitas,
265 2905 356 2963 qnam
383 2888 555 2946 continuum
576 2885 720 2962 divisivit,
749 2905 803 2963 per
825 2887 904 2963 quod
925 2891 1069 2964 punctum
1082 2909 1108 2949 so

67 2981 228 3054 separetur
251 2976 287 3035 ab
309 2977 433 3036 unitate.
478 2976 542 3034 Hoo
564 2979 617 3052 est,
640 2975 726 3052 quod,
748 2976 817 3035 licet
839 2976 937 3035 unitas
965 2978 1004 3035 sit
1025 2978 1068 3035 in-

67 3067 177 3142 divisa,
205 3068 251 3124 est
277 3066 377 3124 tamen
403 3065 580 3142 quantitatis
607 3063 738 3124 discrete.
786 3065 850 3124 Hos
877 3068 975 3124 autem
1001 3085 1068 3142 pro-

140 3257 182 3307 13.
202 3254 290 3320 parte.
309 3283 342 3292 —
363 3258 403 3306 14.
423 3250 591 3320 quesierit.
611 3283 644 3292 -
664 3255 705 3305 28.
724 3250 861 3305 habentis.

138 3449 168 3518 1)
186 3445 256 3512 Quis
273 3445 311 3501 sit
327 3446 472 3501 Hmnsnns
490 3445 591 3500 nescio.
625 3446 669 3499 An
687 3445 832 3501 ffiaosie?
861 3477 892 3486 -
921 3448 947 3516 ἢ
965 3445 1071 3499 Nestis

69 3517 165 3588 etiam,
184 3516 248 3588 quis
266 3517 304 3573 sit
320 3517 515 3572 Anosnnmuns.

894 3606 933 3660 ᾖ
