2340 3834
382 178 431 232 AD
450 178 636 234 EUCLIDEM
653 179 720 234 LIB.
735 179 768 235 X.
1006 180 1069 246 337

61 345 244 422 quadratum
267 348 318 421 by,
341 345 373 404 in
397 351 429 423 9,
454 347 533 422 quod
556 350 600 405 est
623 349 669 423 de,
694 352 723 407 et
746 348 877 408 dividam
897 348 995 424 ipsum
1017 370 1071 426 per

64 435 259 510 superfluum,
287 435 366 510 quod
393 439 438 494 est
464 437 543 495 inter
570 437 642 495 duos
665 437 838 513 quadratos,
867 439 947 513 quod
969 442 1013 498 est
1037 441 1070 498 5:

64 525 219 599 proveniet
242 543 312 602 ergo
336 543 371 582 ex
395 524 538 585 divisione
562 527 617 601 45,
641 526 723 585 cuius
745 527 830 584 radix
853 530 898 586 est
920 528 999 586 linea
1022 529 1070 587 bb.

61 747 69 778 ¹
220 693 238 730 a
387 694 464 784 ¹'9
564 683 579 731 5
683 677 698 730 b
808 679 947 732 radioe45
1052 681 1071 788 lp

782 861 800 908 4
879 857 898 962 r

63 1160 131 1219 Erit
154 1181 224 1240 ergo
248 1162 332 1221 radix
355 1166 396 1222 45
421 1167 451 1222 et
475 1166 493 1222 5
518 1183 553 1222 ex
573 1163 702 1223 numeris
720 1162 884 1222 binomium
901 1165 1069 1241 secundum,

62 1250 142 1325 quod
165 1251 207 1309 sio
228 1253 382 1328 probatur.
424 1251 585 1312 Ostendam
608 1253 684 1312 sicut
706 1253 738 1310 in
760 1253 930 1328 precedenti
948 1254 1066 1314 demon·
1094 1262 1107 1304 ⁵

60 1338 156 1398 stravi
181 1339 290 1417 figura,
320 1341 399 1417 quod
418 1342 461 1416 pb
484 1345 529 1400 est
550 1341 725 1417 binomium,
754 1345 784 1401 et
806 1342 885 1417 quod
906 1343 947 1400 bb
969 1346 1069 1418 potest

61 1445 152 1503 supra
184 1429 223 1502 by
255 1447 320 1488 cum
353 1433 512 1507 augmento
544 1430 697 1505 quadrati,
732 1429 820 1488 lateri
852 1429 933 1490 cuius
965 1432 1005 1490 bb
1037 1431 1069 1490 in

60 1516 250 1593 longitudine
276 1517 519 1592 incommunicat,
546 1518 630 1577 ouius
658 1536 728 1577 area
756 1521 801 1576 est
828 1520 883 1594 20,
911 1538 968 1594 que
992 1539 1068 1578 com·

61 1605 194 1664 municat
216 1605 309 1664 radici
332 1608 383 1680 45,
408 1606 549 1682 quoniam
567 1609 612 1665 est
631 1598 663 1686 Ἃ
684 1607 759 1680 cius3
783 1609 813 1666 et
832 1609 871 1682 by
890 1611 934 1666 est
951 1608 1070 1669 brevior

60 1693 162 1769 sectio,
184 1693 250 1769 ipsa
272 1695 373 1770 itaque
397 1697 427 1753 et
449 1695 525 1753 linee
548 1695 690 1754 rationali
711 1695 808 1771 posite
830 1695 862 1754 in
882 1697 1068 1774 longitudine
1082 1708 1109 1746 1⁰

60 1782 271 1842 communicat:
300 1803 369 1860 ergo
395 1784 438 1857 φὴ
460 1786 505 1842 est
527 1783 690 1842 binomium
713 1785 887 1861 secundum,
915 1789 944 1844 ct
968 1805 1068 1862 super-

59 1869 167 1945 fluum,
194 1872 273 1947 quod
300 1874 346 1930 est
367 1872 446 1930 inter
469 1891 531 1947 eas,
560 1873 640 1948 quod
663 1876 708 1932 est
729 1873 814 1932 radix
836 1876 878 1933 45
903 1874 1015 1950 absque
1040 1877 1069 1950 5,

60 1962 107 2018 ost
133 1959 283 2019 residuum
310 1960 484 2033 secundum3
518 1964 548 2019 et
573 1961 650 2019 illud
677 1965 733 2037 est,
761 1962 841 2038 quod
868 1963 1068 2022 demonstrare

60 2048 217 2106 voluimus.
242 2081 284 2090 —

150 2137 352 2195 Binomium
374 2136 525 2195 tercium
546 2138 715 2213 reperire.
1082 2148 1107 2188 1⁵

149 2225 263 2284 Ponam
284 2226 388 2301 itaquo
411 2225 521 2285 lineam
543 2226 720 2284 rationalem
743 2244 776 2301 a,
802 2244 892 2301 quam
913 2245 1023 2302 ponam
1047 2229 1065 2286 6

60 2332 96 2370 ex
123 2314 267 2389 numeris,
295 2317 325 2373 et
352 2314 475 2391 signabo
503 2315 576 2374 duos
600 2315 759 2390 quadratos
782 2314 905 2390 primos,
933 2314 984 2390 qui
1007 2315 1067 2373 sint

63 2405 80 2462 9
110 2405 141 2460 ct
168 2404 202 2477 4,
228 2405 270 2477 ql>
297 2405 328 2461 et
355 2404 408 2478 bd,
436 2423 530 2479 neque
558 2403 597 2462 sit
624 2404 666 2476 dp
688 2403 877 2479 quadratum,
906 2405 936 2462 et
958 2422 1068 2480 ponam

60 2511 216 2549 numerum
239 2491 341 2566 alium,
364 2491 416 2567 qui
438 2492 478 2550 sit
496 2510 519 2567 e,
542 2493 572 2550 et
589 2510 708 2568 ponam,
725 2494 760 2550 ut
778 2510 837 2550 non
855 2492 895 2562 sit
912 2493 1066 2568 proportio

61 2578 122 2638 eius
151 2581 189 2638 ad
215 2580 377 2655 quemlibet
399 2580 524 2639 duorum
545 2600 734 2640 numerorum
757 2583 809 2655 by,
837 2582 879 2640 bd
902 2581 976 2640 sicut
998 2600 1066 2658 pro·
1081 2591 1107 2631 2⁰

60 2667 158 2743 portio
191 2669 306 2728 numeri
338 2669 478 2744 quadrati
510 2671 548 2728 ad
574 2688 729 2728 numerum
757 2670 948 2745 quadratum,
981 2690 1068 2746 quem

59 2775 171 2832 ponam
200 2759 232 2831 33
260 2758 357 2833 sitque
380 2759 533 2834 proportio
557 2760 596 2833 59
619 2758 658 2816 ad
681 2777 695 2817 e
717 2758 795 2817 sicut
816 2758 969 2834 proportio
995 2777 1067 2835 qua-

61 2845 140 2905 drati
166 2847 206 2906 ab
233 2846 272 2904 ad
299 2847 478 2922 quadratum
504 2865 536 2923 a,
563 2847 716 2922 proportio
744 2865 813 2906 vero
837 2849 876 2906 cd
899 2847 937 2905 ad
956 2850 1001 2921 ud
1024 2852 1068 2906 est

60 2935 137 2994 sicut
160 2935 313 3011 proportio
337 2935 519 3010 quadratio
542 2936 579 2994 ad
602 2935 780 3011 quadratum
799 2937 840 2994 bt.
882 2935 945 2995 Hos
964 2938 1067 3012 itaque

60 3042 198 3083 numeros
221 3024 426 3100 multiplicabo
450 3026 480 3082 ct
502 3024 633 3084 dividam
656 3044 714 3099 eos,
738 3023 896 3083 secundum
920 3025 1000 3100 quod
1022 3027 1064 3084 fc·
1079 3033 1105 3074 25

59 3111 153 3170 cimus
181 3112 213 3170 in
240 3112 409 3188 precedenti
435 3112 540 3190 figura.
585 3113 636 3171 Fit
663 3133 732 3190 ergo
760 3113 890 3189 primum
912 3113 1066 3189 proportio

61 3201 101 3275 59
129 3200 170 3259 ad
194 3202 239 3275 ud
267 3202 342 3260 siout
364 3203 517 3277 proportio
541 3201 681 3276 quadrati
702 3203 741 3261 ab
764 3201 801 3258 ad
825 3203 1002 3277 quadratum
1024 3203 1067 3276 bl,

60 3289 266 3365 multiplicabo
289 3291 382 3368 igitur
404 3308 436 3365 a,
460 3291 511 3366 qui
534 3293 579 3349 est
603 3293 632 3365 6,
654 3290 686 3347 in
711 3293 739 3363 6,
763 3291 792 3347 et
815 3289 872 3348 erit
896 3292 945 3348 36.
992 3289 1066 3349 Ocn-

57 3378 196 3439 siderabo
225 3380 338 3452 autem,
366 3383 481 3456 quanta
509 3379 547 3437 sit
573 3378 726 3454 proportio
755 3382 773 3437 9
799 3378 836 3436 ad
861 3380 893 3436 3:
921 3381 966 3437 est
989 3378 1068 3437 enim

129 3554 152 3600 9.
175 3547 295 3619 brevior]
311 3547 431 3618 longior.
453 3582 488 3591 -
509 3555 554 3605 10.
573 3551 620 3605 eat
634 3548 719 3604 linea
734 3544 895 3600 rationalia
908 3541 1023 3608 blm*

102 3642 185 3684 Oomm.
199 3645 231 3685 ad
244 3647 338 3690 Euclid.
353 3650 391 3692 ed.
409 3651 527 3695 Guttae.
916 3631 960 3677 Ἣ
