2340 3834
99 157 123 220 8'
383 153 547 208 ANARITII
565 151 820 208 COMMENTARII

98 324 194 401 magis
209 324 384 382 conveniens
399 322 534 382 omnibus
548 321 781 397 diffinitionibus,
798 339 871 396 quas
886 320 939 379 alii
952 319 1109 382 dederunt.

99 412 185 481 Quod
211 412 277 470 ideo
306 414 362 486 661,
392 411 471 486 quod
499 410 620 485 quidam
648 428 749 468 eorum
782 413 1004 485 assumpserunt
1031 410 1109 469 diffi-

98 501 242 560 nitionem
268 501 333 558 loeo
360 500 478 575 indicis,
508 502 538 557 et
569 500 620 558 alii
649 500 872 573 assumpserrmt
899 498 1109 559 diffinitionem

99 589 261 649 secundum
283 589 469 664 relationem,
493 607 583 664 quam
603 588 714 645 habent
741 587 798 645 alie
825 582 905 665 <ad>
928 587 1011 646 alias.
1062 589 1108 647 Ex

73 679 156 737 fihoe
175 697 244 753 ergo
264 677 382 736 videtur
400 677 492 752 nobie,
512 677 591 752 quod
609 677 688 735 linea
705 677 787 734 reeta
805 677 850 734 est
867 677 962 752 magis
981 676 1108 752 simplex

100 769 130 825 61
157 766 308 841 antiquior
335 765 521 824 circonflexis.
571 764 663 823 Linea
690 764 769 822 enim
799 767 880 823 reeta
912 764 951 822 ad
978 765 1107 825 invicem

100 855 232 931 cooperit
255 855 353 929 aliam,
376 854 537 913 seeundum
560 854 639 928 quod
657 853 755 929 posita
777 852 878 927 fuerit,
900 853 932 910 in
951 853 1017 912 aliis
1036 873 1109 914 vero

98 943 185 1001 lineis
208 962 269 1001 non
291 943 437 1021 contingit
458 944 508 1001 616.
553 942 645 1000 Linea
668 961 785 1017 quoque
807 945 889 1000 reeta
908 944 938 999 et
955 940 1054 1000 media
1078 945 1108 1002 et

100 1032 177 1107 sola,
205 1033 263 1090 alie
286 1052 355 1091 vero
377 1032 467 1106 111166,
494 1050 552 1106 que
579 1051 638 1090 non
665 1034 734 1089 sunt
760 1033 852 1106 recte,
879 1030 968 1088 simul
995 1031 1108 1090 habent

61 1132 87 1171 10
101 1124 293 1179 curvaturam
316 1121 451 1179 exterius
488 1119 546 1178 Sed
568 1138 634 1177 eum
656 1119 735 1177 linea
756 1122 838 1177 reeta
859 1119 1039 1178 terminatur
1060 1139 1109 1180 res

101 1214 132 1268 et
154 1211 357 1285 mensuratur,
384 1209 449 1284 ipsa
472 1208 550 1266 enim
574 1211 618 1266 est
644 1208 740 1266 minor
761 1208 840 1265 linea
862 1208 957 1282 lineis,
981 1227 1109 1283 quarum

101 1299 301 1357 extremitates
329 1300 399 1356 sunt
426 1316 479 1355 sue
508 1297 721 1372 extremitates,
754 1296 811 1354 alie
842 1315 911 1355 vero
938 1296 1015 1355 111166
1046 1317 1112 1357 non

101 1390 170 1446 sunt
193 1386 242 1446 sio.

188 1474 273 1533 Dixit
286 1474 457 1534 Euonmns:
475 1474 649 1548 Superstce’es
667 1478 715 1542 est,
734 1491 788 1547 que
805 1475 889 1532 1161161
901 1475 1110 1548 repercuterem

59 1574 86 1614 15
100 1569 125 1622 61
147 1565 334 1623 latitudinem.

189 1651 285 1727 Supra
307 1652 362 1710 1166
386 1649 615 1710 8611166116111116
637 1651 749 1726 inquit:
772 1650 920 1710 Processit
947 1650 1109 1711 1166111166

100 1741 139 1799 ad
164 1739 344 1815 loquendum
371 1739 406 1797 de
434 1740 561 1799 secunda
593 1741 689 1815 speeie
721 1739 884 1814 specierum
917 1738 1110 1817 quantitatis,

99 1829 211 1887 66111661
238 1829 273 1885 de
301 1828 466 1904 superficie,
500 1847 589 1904 quam
617 1828 757 1886 diffinivit
789 1828 949 1886 secundum
981 1828 1111 1887 eundem

98 1917 218 1976 modum
241 1936 309 1975 oum
331 1917 527 1976 affirmatione
546 1921 576 1975 et
593 1918 758 1993 negatione.
794 1916 830 1974 Id
853 1919 905 1991 661,
930 1916 1017 1991 quod,
1040 1934 1112 1976 cum

60 2018 87 2058 20
101 2004 188 2064 dixit:
212 2005 366 2080 „habens
389 2006 653 2082 longitudinem
682 2007 716 2063 et
737 2001 1003 2079 latitudinem“,
1031 2004 1110 2065 dixit

100 2114 167 2152 eum
190 2094 398 2169 affirmatione,
426 2113 485 2152 non
507 2094 596 2151 habet
618 2093 859 2168 profunditatem.
911 2093 975 2152 Hoc
1002 2093 1110 2153 videns

100 2202 169 2242 vero
185 2182 325 2242 diffinivit
339 2182 523 2258 superficiem
537 2182 648 2240 dicens:
668 2181 904 2257 „superficies
923 2185 977 2240 661
996 2201 1109 2257 quan·

99 2273 188 2331 titas
206 2271 338 2330 habens
358 2272 445 2329 duas
469 2269 738 2345 dimensiones“,
763 2270 1011 2345 quemadmodum
1029 2270 1109 2330 diffi-

100 2361 183 2420 niens
207 2379 312 2435 eorpus
332 2359 420 2418 dixit:
443 2377 541 2434 „esse
561 2359 803 2433 quantitatem
820 2359 1011 2417 habentem
1033 2361 1111 2418 tres

60 2445 395 2508 ardimensionesf‘
454 2447 570 2505 Nomen
607 2450 707 2505 autem
743 2447 908 2523 superficiei
938 2447 971 2504 in
1001 2447 1111 2524 lingua

101 2536 194 2597 Greoa
217 2537 447 2595 determinatum
470 2538 515 2593 est
537 2555 572 2593 ex
595 2536 780 2611 apparitione
788 2529 811 2612 1)
833 2535 944 2594 scilieet
963 2535 1044 2610 quod
1063 2539 1110 2595 est

100 2626 163 2701 hoe,
187 2625 267 2701 quod
289 2626 414 2700 apparet
435 2624 467 2680 in
491 2643 618 2699 corpore.
666 2623 778 2700 Corpus
798 2624 876 2682 enim
894 2645 954 2684 non
972 2628 1108 2700 apparet,

100 2713 192 2772 donee
213 2714 279 2789 ipsa
301 2713 401 2771 videat
440 2758 445 2770 .

188 2802 272 2859 Dixit
294 2801 465 2860 Euonmas:
488 2803 651 2874 superficiei
670 2803 857 2860 extremitates
879 2806 947 2860 66661
969 2803 1048 2860 11666.

61 2902 88 2942 66
190 2889 286 2964 Supra
308 2890 364 2948 hoc
387 2888 627 2949 Snnnanromus:
651 2888 683 2947 Si
705 2890 792 2964 linea,
820 2909 887 2948 eum
910 2889 945 2947 de
969 2907 1023 2948 6116
1047 2891 1108 2949 situ

99 2979 195 3054 primo
219 2980 300 3035 mota
322 2978 422 3054 fuerit,
444 2978 515 3036 feeit
533 2979 724 3055 superficiem,
746 2979 790 3036 ita
809 2979 899 3036 etiam
920 2999 954 3036 ex
973 2979 1035 3038 eius
1060 2999 1107 3036 ex-

100 3067 314 3142 tremitatibuS,
346 3067 417 3143 quia
439 3070 517 3126 mote
540 3069 673 3141 1116111111,
704 3070 903 3143 provenerunt
925 3067 1016 3143 linee,
1044 3087 1108 3143 que

100 3156 252 3215 continent
275 3156 465 3231 superficiem.
511 3156 555 3213 Ex
575 3174 633 3231 quo
652 3156 749 3214 voluit
766 3155 903 3233 intelligi,
927 3156 1015 3231 quod,
1039 3175 1108 3215 eum

171 3349 194 3396 2.
215 3343 342 3411 quedam.

172 3522 197 3588 1)
216 3519 375 3589 ἐπιφανεία.
