2340 3834
106 162 126 224 2
392 163 557 218 ANARITII
576 163 831 219 COMMENTARH

192 330 370 406 Exemplum
406 331 560 407 subiciam,
597 333 675 408 quod
706 333 746 391 sit
780 332 963 408 huiusmodi,
999 333 1115 394 scilicet

105 419 185 493 quod
208 419 389 494 superficies,
417 440 475 495 que
497 423 580 480 mota
602 421 673 496 fuit,
696 423 857 496 antequam
878 424 1029 498 movetur,
1051 423 1116 482 fuit

104 507 272 582 superficies
296 508 451 584 quadrata,
474 528 532 584 que
554 509 589 566 fit
611 510 743 584 superior
766 510 834 567 cubi
856 509 1033 586 superficies
1058 513 1114 587 qui

104 615 139 653 er
156 599 240 654 motu
259 597 404 672 provenit,
428 600 457 655 et
480 597 520 656 sie
544 597 720 673 superficies,
745 593 812 676 (si)
829 597 930 656 finitus
949 602 994 656 est
1011 601 1116 660 motus

77 685 284 761 bsuperficiei,
312 685 379 744 cubi
406 685 536 744 inferior.
581 685 713 755 Quotuor
740 706 810 764 ergo
837 687 927 763 linee,
950 707 1009 762 que
1032 706 1111 748 oom-

102 774 290 849 prehendunt
311 774 504 850 quadratum,
530 775 665 833 fecerunt
697 777 827 850 quatuor
852 775 981 850 reliques
1008 794 1112 852 super·

102 861 190 937 ficies,
214 883 272 938 que
296 863 546 938 comprehendunt
569 863 683 921 cubum.
729 863 921 922 Declaratum
940 867 985 922 est
1007 864 1113 942 igitur,

104 951 183 1025 quod
206 969 312 1027 eorpus
335 950 467 1028 undique
490 971 508 1010 e
535 951 744 1027 superficiebus
767 952 1029 1028 comprehenditur.
1078 953 1110 1012 Si

103 1059 173 1116 ergo
192 1058 297 1115 corpus
316 1044 479 1115 moveatur,
497 1040 677 1115 impossibile
692 1043 745 1116 est,
765 1041 845 1117 quod
860 1061 919 1100 non
934 1041 997 1099 eius
1010 1044 1113 1102 motus

63 1139 89 1178 1⁰
102 1128 142 1186 sit
171 1146 296 1205 sequens
323 1147 415 1187 unum
441 1147 563 1187 suerum
594 1129 827 1205 superficierum,
859 1129 925 1189 ideo
953 1133 983 1187 et
1013 1130 1045 1187 in
1078 1150 1111 1190 se

102 1216 200 1292 ipsum
224 1220 359 1294 augetur,
382 1220 412 1275 et
434 1236 494 1275 non
515 1218 623 1276 eccidit
649 1218 848 1295 magnitudini
875 1218 934 1277 eliu
957 1218 1113 1280 dimensio.

102 1305 143 1363 Et
165 1306 301 1381 sequitur
322 1306 500 1381 necessario,
527 1306 607 1382 quod
634 1307 673 1365 sit
695 1307 870 1383 magnitudo
893 1306 1112 1367 dimensionum

103 1395 226 1453 erectis
250 1394 374 1470 angulis,
398 1413 431 1452 eo
454 1394 533 1469 quod
554 1396 594 1454 sit
615 1394 707 1453 finite.
752 1393 843 1453 Linee
870 1413 952 1470 vero,
980 1414 1111 1470 querum

101 1502 193 1542 unam
215 1501 305 1557 super
327 1483 416 1541 aliem
439 1483 513 1560 erigi
531 1484 668 1559 possibile
691 1487 736 1542 est
758 1501 848 1559 super
869 1487 964 1542 rectos
984 1485 1113 1562 angulos

63 1580 88 1618 15
101 1574 162 1631 tres
184 1575 304 1630 tantum
326 1575 408 1647 sunt,
435 1572 501 1630 ideo
524 1575 554 1630 et
577 1575 646 1630 sunt
672 1576 732 1630 tres
760 1572 968 1647 dimensiones,
996 1573 1113 1633 scilieet

101 1660 270 1737 longitude,
306 1659 434 1718 latitudo
467 1662 497 1718 et
526 1661 721 1735 profunditas.
776 1660 964 1737 Quapropter
998 1660 1112 1722 loonles

103 1749 193 1806 etiem
216 1748 409 1807 dimensiones
427 1749 540 1807 fuerint
556 1752 626 1823 tres,
648 1750 761 1823 sufficet
779 1769 797 1808 s
815 1768 930 1808 sursum
948 1749 980 1807 in
998 1749 1110 1826 iusum,

102 1855 120 1895 e
142 1836 246 1895 dextre
268 1837 298 1894 in
322 1838 480 1912 sinisiram,
503 1838 541 1895 ab
564 1838 704 1897 anteriori
726 1838 766 1897 ed
787 1838 943 1914 posterius.

189 1926 272 1984 Dixit
290 1928 447 2001 propterea
461 1925 702 1986 sinemurum:
725 1927 873 1986 Punctum
891 1927 956 1986 ideo
969 1924 1111 2005 negando

62 2022 88 2060 20
102 2014 260 2072 Euonmns
283 2013 435 2091 diffinivit,
463 2015 657 2074 diminutione
679 2016 843 2092 superficiei
871 2034 1051 2093 ncorpore,
1077 2021 1126 2076 et.

102 2102 297 2161 diminutione
324 2103 400 2161 linee
429 2122 446 2161 a
474 2104 640 2180 superficie,
672 2107 702 2162 et
733 2103 926 2163 diminutione
958 2104 1062 2179 puncti
1089 2123 1112 2163 e,

101 2191 188 2250 lines.
243 2190 317 2250 Cum
350 2211 419 2269 ergo
451 2210 557 2267 corpus
594 2193 633 2251 sit
667 2196 728 2251 tres
760 2192 870 2251 habens
902 2192 1111 2269 dimensiones,

100 2282 228 2356 punctus
246 2281 411 2338 necessario
430 2281 544 2338 nullam
562 2299 664 2339 esrum
682 2281 780 2357 habet,
802 2300 855 2340 neo
873 2281 963 2339 hebet
979 2285 1109 2356 purtem.

189 2369 268 2427 Vera
296 2369 374 2427 enim
397 2386 497 2444 eausa,
528 2369 565 2427 ob
592 2388 682 2444 quum
708 2369 844 2447 negando
872 2369 1023 2445 diffinivit,
1052 2373 1111 2445 est,

61 2463 87 2502 2⁵
101 2458 172 2532 quie
191 2473 280 2516 ceusu
297 2457 512 2516 dimensionum
530 2458 628 2533 ipsum
647 2461 699 2534 ost,
718 2461 748 2516 et
767 2460 892 2533 oportet,
915 2456 996 2534 quod
1014 2475 1110 2517 cause,

100 2547 139 2605 sit
160 2546 256 2622 magis
278 2546 447 2621 propinque
469 2546 591 2622 adhoc,
614 2550 650 2605 ut
672 2567 732 2606 non
750 2546 919 2605 dimittatur
942 2545 1111 2623 quantitas,

99 2655 133 2694 eo
149 2635 227 2710 quod
240 2634 307 2710 ipse
321 2634 360 2692 sit
377 2635 472 2711 magis
493 2636 660 2710 propinqus
677 2636 739 2710 uni,
758 2635 811 2711 qui
829 2638 873 2693 est
891 2653 981 2694 cause
998 2634 1106 2695 tonius.

98 2723 139 2781 Et
161 2723 233 2798 quin
255 2741 301 2780 res
324 2723 419 2800 magis
442 2724 567 2799 simplex
593 2727 637 2782 est
665 2742 753 2782 cause
781 2723 857 2798 eius,
884 2723 937 2799 qui
965 2726 1010 2782 est
1035 2727 1107 2800 post

99 2812 202 2887 ipsam,
227 2829 294 2870 oum
315 2811 429 2869 fuerint
451 2812 536 2870 embo
559 2813 648 2872 unius
672 2812 800 2890 generis,
827 2812 940 2870 scilieet
961 2810 1106 2870 hebentes

59 2915 86 2955 eo
100 2901 199 2974 situm,
221 2899 287 2958 ideo
310 2903 463 2976 punctum,
486 2901 566 2975 quod
588 2902 619 2959 in
641 2901 720 2959 linen
743 2904 799 2976 est,
822 2900 1000 2975 intenditur,
1023 2899 1107 2974 quod

101 2992 145 3047 est
168 2989 245 3047 siout
265 2988 345 3063 finis,
369 2989 449 3063 quod
471 2989 589 3065 proprie
612 2993 758 3068 geometre
786 2989 891 3048 sciunt.
941 2988 982 3046 Et
1007 2988 1103 3066 magis

100 3077 224 3153 simplex
246 3095 337 3152 quam
358 3078 437 3136 lineo
459 3096 575 3137 necesse
597 3079 687 3136 hebet
712 3081 840 3153 purtem,
868 3077 960 3136 donee
987 3077 1028 3136 ed
1047 3077 1104 3136 hoe
1144 3089 1147 3095 '

100 3166 257 3224 deductum
280 3166 326 3242 sit,
349 3169 466 3226 utnon
489 3167 651 3239 dividatur3
680 3169 710 3224 et
732 3167 867 3226 similiter
890 3165 980 3225 etiem
1001 3165 1104 3224 uni-tes

100 3255 227 3330 complet
253 3257 312 3312 tres
341 3274 376 3313 ex
402 3275 436 3314 eo
464 3273 482 3313 a
509 3255 611 3314 tribus.
660 3255 808 3314 Punctum
834 3273 917 3329 vero,
951 3253 1031 3328 quod
1058 3256 1103 3312 est

60 3358 86 3397 ee
101 3362 191 3402 cause
208 3343 293 3418 linee,
312 3362 347 3402 eo
361 3342 442 3420 quod
455 3343 493 3402 sit
513 3343 666 3403 sublimius
686 3347 715 3402 et
733 3344 896 3420 simplicius
915 3343 1101 3402 dimensioni-

171 3535 213 3586 10.
229 3530 347 3583 duarum
361 3528 573 3599 superficierum.
593 3561 628 3570 -
647 3535 688 3586 18.
704 3529 824 3585 sinistre.
839 3562 873 3571 -
890 3534 932 3584 31.
948 3527 1101 3583 Geometre.
