2316 3840
368 151 418 206 nu
437 150 623 206 succursu
640 151 707 206 nie.
722 151 755 206 x.
1000 147 1065 216 289

46 340 182 399 namque
210 321 378 397 capitulum
405 322 501 379 solum
528 319 689 378 secundum
717 339 802 378 suum
829 339 902 397 opus
930 321 1065 379 omnibus

46 411 188 470 sufficiet.
229 411 394 486 Postquam
416 429 486 486 ergo
509 409 598 468 unius
620 429 721 468 eorum
743 409 899 485 dispositio
923 413 954 469 et
976 411 1066 468 scien·

46 499 98 558 tia
125 500 250 576 sciatur,
278 499 337 557 erit
362 498 395 557 in
423 518 470 574 ea,
498 497 577 573 quod
604 497 721 557 sufficit.
769 497 842 556 (lum
869 499 948 557 enim
973 499 1066 576 figure

48 587 241 667 oblegantur,
264 587 454 665 elongabitur
475 587 645 646 intellectus
670 587 706 645 ab
730 605 773 661 eo,
797 587 876 662 quod
899 589 972 646 scire
991 589 1066 646 desi·

49 673 148 753 derat,
172 680 202 736 et
224 676 283 736 erit
304 677 533 752 uniuscuiusque
556 675 649 752 figure
673 677 770 750 operis
791 676 944 735 reiteratio
967 696 1067 754 super·
1095 690 1108 728 ⁵

50 761 158 826 fluitas
191 787 251 826 non
282 765 455 825 necessaria.
504 765 566 823 Nos
599 767 700 823 autem
728 763 824 823 tocius
853 766 949 841 operis
976 786 1068 824 unum

50 849 323 915 demonstrabimus
347 854 524 929 capitulum,
546 856 581 912 ut
602 853 634 910 in
658 852 793 912 omnibus
815 855 1010 932 intelligatur.

150 943 187 1002 Si
210 943 368 1019 quilibet
390 943 456 1001 due
479 942 573 1000 linee
593 941 732 1000 diverse
751 943 942 1001 secundum
959 945 1068 1004 rectiss

52 1025 221 1092 tudinem
251 1032 393 1090 fuerint
425 1030 626 1105 coniuncte,
663 1050 810 1105 quarum
842 1032 1068 1112 longiorlsic

52 1111 94 1173 in
117 1122 202 1181 duas
227 1121 414 1180 dividatur
435 1122 572 1196 partes„
594 1123 635 1177 ut
657 1120 762 1177 unius
787 1139 905 1178 earum
922 1121 958 1179 in
977 1123 1110 1182 alte-10

54 1218 132 1268 ram
153 1210 417 1285 multiplicatio
437 1209 488 1268 sit
506 1208 645 1284 equalis
666 1209 841 1284 quadrato
860 1210 1068 1271 medietatis

55 1285 242 1358 brevioris
274 1299 383 1372 linee,
416 1301 519 1357 erunt
550 1297 615 1355 due
647 1297 787 1356 radices
820 1298 966 1357 duarum
996 1319 1068 1358 sec-

10 1434 12 1441 .
55 1378 198 1446 lienum
224 1387 332 1462 linee,
361 1407 427 1462 que
456 1390 509 1445 est
535 1386 740 1445 coniunctio
765 1386 917 1445 aliarum
940 1390 1069 1448 sectio-

10 1494 12 1499 ·
56 1483 152 1552 num,
176 1497 242 1552 que
261 1479 320 1535 est
341 1476 485 1552 longior
503 1475 612 1550 linea,
635 1478 802 1550 potentes
822 1495 930 1553 supra
948 1497 1069 1553 super-

58 1553 193 1640 ficiem,
218 1584 283 1641 que
307 1564 519 1624 continetur
542 1584 560 1622 a
583 1564 721 1623 duabus
740 1565 848 1624 lineis
867 1566 1069 1627 coniunctis
1085 1579 1111 1619 15

60 1647 96 1703 el
118 1652 215 1712 linea
237 1653 423 1712 rationali.
1064 1681 1065 1684 ¹

150 1743 240 1802 Verbi
263 1742 362 1820 gratia
384 1743 444 1801 sint
467 1742 522 1800 due
545 1742 622 1799 linee
641 1743 682 1800 ab
702 1744 732 1801 et
750 1744 790 1817 by
808 1744 967 1802 secundum
984 1746 1071 1804 recti-

61 1816 196 1891 tudinem
223 1833 392 1906 coniuncte,
420 1850 478 1906 quc
502 1831 562 1890 sint
584 1849 691 1889 novem
714 1834 743 1890 et
764 1832 850 1891 radix
872 1834 1072 1912 quadraginta

64 1913 200 1997 quinque.
250 1919 390 1979 Dividam
423 1938 492 1996 ergo
525 1939 631 1978 novem
662 1919 693 1977 in
725 1920 798 1979 duas
829 1925 929 1996 partes
961 1925 1072 1997 taliter,

62 2000 98 2057 ut
126 2009 166 2069 sit
188 2029 292 2068 earum
314 2009 402 2067 unius
425 2008 457 2065 in
480 2009 606 2067 alteram
629 2009 839 2084 multiplicatio
864 2012 977 2086 equalis
1000 2033 1071 2088 qua·
1086 2025 1113 2064 no

63 2079 149 2159 druto
184 2097 353 2157 medietatis
385 2097 494 2155 radicis
527 2097 727 2175 quadraginta
759 2099 901 2174 quinque,
938 2120 995 2175 que
1028 2104 1073 2159 est

63 2181 199 2246 undecim
230 2190 261 2246 et
292 2189 407 2261 quarta.
458 2185 532 2244 (lum
561 2205 631 2262 ergo
658 2188 940 2262 computaverimus
972 2207 1073 2247 secun·

64 2256 135 2334 dum
157 2275 237 2351 quod
261 2278 411 2334 ostensum
433 2270 520 2352 <est>
542 2275 573 2333 in
596 2275 831 2350 precedentibus,
860 2277 917 2334 erit
938 2296 998 2335 una
1020 2277 1072 2334 du-

64 2362 149 2423 al'¹11n
172 2364 336 2424 sectionum
352 2366 473 2438 ,septem
496 2366 526 2422 et
548 2363 636 2422 semis
658 2366 687 2422 et
706 2364 801 2421 altera
818 2384 910 2421 unum
928 2368 958 2424 et
976 2367 1072 2424 semis.

64 2432 154 2536 (lilius
183 2453 315 2512 executio
339 2453 499 2511 secundum
525 2453 646 2510 modum
674 2452 791 2529 algebre
820 2445 910 2534 estl),
937 2455 972 2512 ut
998 2455 1072 2512 mul-
1087 2466 1114 2507 25

62 2522 217 2606 l¹l³licetur
242 2541 387 2600 medietas
411 2560 517 2599 novem
538 2542 570 2598 in
594 2560 638 2615 se,
666 2543 695 2599 et
717 2541 891 2616 provenient
913 2543 1022 2620 viginti
1045 2547 1075 2603 ct

63 2627 182 2706 lumea,
202 2631 238 2688 de
258 2649 317 2706 quo
336 2630 508 2688 minuantur
526 2629 662 2688 undecim
681 2631 711 2688 et
729 2633 844 2706 quarta,
864 2634 893 2690 ct
910 2634 1076 2693 remanebit

10 2726 12 2731 '
61 2713 182 2795 ¹10vem,
210 2720 293 2778 cuius
321 2721 456 2777 sumatur
481 2719 579 2794 radix,
611 2737 668 2793 que
696 2722 742 2777 est
767 2721 841 2795 tres,
869 2722 921 2796 qui
949 2723 1076 2782 addatur

62 2816 278 2852 N..-

136 2913 213 2960 2-3.
237 2902 368 2976 scientia]
384 2893 477 2960 ceno—ta
501 2938 536 2946 -
563 2913 588 2960 4.
615 2906 691 2974 quod
711 2922 773 2960 eam
792 2907 868 2962 scire.
897 2940 931 2948 —
959 2915 983 2962 5.
1007 2925 1076 2962 una

59 2968 176 3081 {queque
193 2977 292 3058 ligura.
316 3007 350 3015 —
373 2976 477 3100 operis?
496 2979 619 3058 iteratur.
647 3010 679 3017 -
705 2984 745 3032 11.
765 2979 903 3046 quadrato
923 2981 959 3034 et.
979 3012 1013 3020 -
1034 2986 1074 3061 il.

89 3050 176 3115 ¹lgror
193 3048 283 3115 linea,
301 3048 442 3119 potentes]
474 3049 792 3118 ong1orl1neap0tens.
816 3082 850 3090 -
873 3055 915 3105 25.
935 3052 1075 3122 executio]

58 3101 90 3154 el
111 3119 228 3174 secutio.

59 3200 280 3238 κ-μ..

139 3291 168 3356 1)
199 3286 253 3341 Hie
285 3263 329 3340 est
363 3287 476 3354 equatio
513 3289 651 3342 Asuamn:
701 3287 735 3342 xl
753 3290 785 3357 -Ι-
807 3280 862 3370 11}
880 3316 914 3335 =
933 3296 974 3344 9ae
1009 3305 1075 3359 ergo

53 3379 77 3418 ω
92 3405 135 3439 ἢ
148 3385 169 3477 ξ
184 3395 217 3464 ss
231 3371 381 3476 W
395 3419 428 3438 =
443 3383 465 3476 ξ
480 3394 513 3464 ss
528 3384 559 3476 ξ,
582 3393 613 3447 id
631 3396 674 3447 est
692 3411 712 3447 ec
726 3420 760 3440 -ι
776 3386 825 3475 ll’
851 3386 895 3475 lm}
928 3393 1075 3447 Ansrurrus

52 3486 241 3573 ‘lssmonstrac
260 3517 348 3572 etiam
367 3492 501 3601 (Vl—{4-
516 3494 624 3603 V&
643 3522 707 3572 :b
724 3505 847 3600 -l-vfft·

119 3622 200 3665 Coram.
214 3624 245 3665 ad
255 3624 347 3666 Euclld.
363 3626 397 3666 ed.
414 3626 528 3671 Gurtze.
908 3621 946 3667 Υ)
