2340 3834
113 187 278 243 ANARJ'I'II
295 186 552 244 COMMENTARII
570 189 618 242 AD
638 187 908 259 EUGLmEMaIB.
923 189 968 244 IX.
1008 190 1069 254 197

62 358 171 436 igitur,
203 357 284 434 quod
311 359 327 415 b
360 361 405 415 est
437 357 607 432 quadratus,
657 357 798 417 Probatio
828 357 902 432 eius,
935 359 1076 434 quoniam

62 465 207 505 numerus
226 465 245 504 a
263 445 482 521 multiplicatur
500 445 530 502 in
550 464 580 503 se
599 446 695 521 ipsum
712 451 742 505 et
757 450 936 524 aggregetur
950 447 1075 523 quadra-

60 540 112 594 tus
130 537 162 608 ἀς
185 539 216 593 et
234 534 396 611 quadratus
415 553 434 593 a
452 534 512 592 iam
530 534 746 610 multiplicatus
764 536 855 593 fuerit
873 535 904 592 in
922 556 1076 594 numerum

634 626 663 698 b,
701 626 731 681 et
766 626 945 702 aggregatus
978 626 1076 683 fuerat

634 712 796 788 quadratus
827 732 859 787 9;
901 731 970 789 ergo
1007 734 1074 789 pro·
1103 724 1116 765 5

634 801 814 876 portioned
828 803 844 859 b
859 804 904 859 est
918 801 994 859 sicut
1008 822 1074 877 pro·

634 891 766 965 portiod
785 889 823 948 ad
834 909 862 964 9.
898 891 979 967 Ergo
998 891 1076 949 inter

634 978 707 1037 duos
744 978 906 1054 quadratos
937 980 958 1037 d
994 982 1024 1037 et
1056 999 1076 1053 9

634 1067 714 1125 cedit
732 1085 869 1125 numerus
888 1067 1000 1142 uniouS,
1024 1069 1076 1144 qui

635 1174 701 1214 oum
733 1155 846 1214 duobus
879 1155 1032 1230 quadratis
1056 1159 1076 1215 cl
1090 1169 1116 1209 ιο

62 1249 95 1303 et
125 1263 146 1318 9
176 1242 212 1302 fit
244 1243 399 1303 continuus
432 1244 591 1302 secundum
623 1245 843 1320 proportionem
870 1263 973 1318 unam,
1006 1265 1076 1322 ergo

62 1334 147 1392 inter
169 1333 244 1391 duos
267 1351 404 1390 numeros
427 1351 447 1391 a
465 1336 495 1391 et
514 1335 530 1391 b
549 1333 629 1392 cadit
647 1351 787 1392 numerus
805 1333 917 1408 unicus,
941 1333 1077 1408 quicum

63 1422 107 1480 eis
145 1421 181 1480 fit
216 1421 373 1480 continuus
410 1421 569 1480 secundum
605 1423 827 1497 proportionem
862 1440 961 1481 unam.
1019 1421 1076 1480 Sed

60 1529 205 1568 numerus
237 1528 257 1568 a
289 1513 334 1568 est
366 1511 541 1586 quadratus,
574 1529 644 1587 ergo
675 1529 816 1569 numerus
844 1513 860 1568 b
892 1511 999 1569 tertius
1032 1514 1077 1569 est

62 1598 243 1675 quadratus3
268 1601 298 1655 et
319 1598 395 1656 illud
418 1601 471 1673 est,
494 1599 573 1675 quod
596 1600 797 1658 demonstrare
820 1600 976 1658 voluimuS.
1090 1612 1116 1653 15

155 1686 345 1745 Manifestum
365 1691 409 1746 est
428 1689 526 1763 etiam,
546 1687 633 1764 quod,
653 1707 729 1747 cum
743 1707 910 1748 numerus
925 1689 1076 1764 quadra·

59 1779 123 1834 tus
141 1775 178 1832 in
196 1775 351 1851 aliquem
369 1796 549 1834 numerum
567 1777 850 1853 multiplicatur,
869 1779 903 1836 et
922 1779 1077 1852 constat,

62 1862 162 1941 quod
197 1863 279 1923 inde
315 1867 537 1943 aggregatur
568 1885 733 1925 numerus
765 1887 834 1927 non
865 1856 1077 1943 quadratae,

57 1957 151 2012 tunc
188 1954 296 2012 etiam
336 1953 401 2012 ille
437 1973 603 2013 numerus
641 1958 695 2013 est
730 1976 799 2015 non
836 1949 1074 2032 quadratus.1)

59 2041 204 2116 Exempli
228 2060 316 2103 causa
340 2043 379 2100 sit
401 2061 539 2102 numerus
557 2062 577 2102 a
597 2045 769 2120 quadratuS,
792 2044 843 2120 qui
862 2045 1076 2121 multiplicetur
1090 2057 1117 2096 ²⁰

58 2125 140 2208 <in>
167 2150 322 2189 numerum
346 2133 375 2205 b,
404 2134 433 2189 et
461 2135 639 2209 aggregetur
661 2152 800 2191 numerus
820 2152 853 2207 9,
881 2134 932 2207 qui
955 2153 1014 2191 non
1037 2133 1077 2190 sit

63 2643 245 2720 quadratus:
278 2643 343 2703 dico
375 2644 481 2722 igitur,
513 2645 592 2720 quod
619 2645 709 2704 etiarn
736 2665 874 2716 numerus
902 2649 919 2705 b
947 2651 992 2706 est
1017 2667 1077 2705 non

64 2731 241 2808 quadratus.
281 2732 423 2792 Probatio
443 2733 515 2808 eius,
537 2733 676 2809 quoniam
694 2754 832 2794 numerus
850 2754 870 2794 c
888 2737 933 2794 est
951 2737 1076 2812 quadra·

63 2825 126 2896 tus,
149 2823 179 2878 et
203 2839 238 2878 cx
260 2820 322 2879 eius
345 2821 592 2896 multiplicatione
614 2823 645 2880 in
664 2842 694 2881 se
712 2824 850 2899 provenit
868 2825 1029 2900 quadratus
1047 2828 1076 2901 cl,

62 2913 96 2967 et
128 2909 219 2967 etiam
251 2929 286 2966 ex
317 2909 564 2984 multiplicatione
598 2911 659 2969 eius
691 2912 723 2969 in
750 2915 766 2971 b
796 2916 977 2991 aggregatur
1003 2908 1076 2992 <9>;
1091 2923 1117 2964 25

64 3017 138 3075 ergo
162 2998 315 3073 proportio
339 2996 420 3056 aad
443 3000 459 3056 b
483 3001 527 3057 est
550 2999 627 3057 sicut
649 3002 801 3076 proportio
820 3003 840 3060 d
858 3001 938 3076 adp.
981 3001 1077 3062 Sedet

65 3088 113 3144 eet
137 3086 308 3162 quadratus,
331 3081 383 3164 <et
402 3106 422 3160 9
441 3089 563 3145 estnon
582 3085 774 3167 quadratus),
798 3110 867 3167 ergo
887 3091 943 3150 duo
962 3091 1077 3150 numeri

137 3261 162 3310 4.
182 3253 274 3308 fuerit.
295 3287 328 3294 -
348 3260 442 3313 9—10.
462 3256 537 3324 quod
557 3273 627 3312 cum.
648 3289 680 3298 -
701 3264 742 3312 24.
763 3260 792 3312 et
810 3275 858 3312 sex
877 3257 925 3313 eis.

44 3349 279 3367 ¹...—-—--·——

141 3418 167 3484 1)
185 3414 306 3470 ibidem:
333 3416 453 3484 Itemque
471 3417 496 3470 ai
513 3432 547 3470 ex
565 3418 648 3471 ducta
666 3418 800 3487 tetragoni
817 3419 849 3471 ia
865 3435 1007 3472 aamercort
1025 3419 1076 3471 nli-

62 3504 144 3556 quem
165 3502 222 3544 aon
245 3493 400 3557 tetragonae
419 3487 604 3556 producatur,
631 3504 691 3543 eum
717 3505 864 3543 nucinam
885 3489 1007 3557 aliquem
1025 3505 1087 3539 acore

62 3565 233 3625 unwanum
250 3573 310 3611 aeae.
