2340 3834
344 195 395 250 AD
415 195 599 252 EUCLIDEM
617 197 684 252 LIB.
699 197 731 252 X.
979 199 1043 262 291

42 366 190 429 oniuncte
223 367 293 425 sunt
323 364 408 422 radix
441 365 641 443 quadraginta
674 365 814 442 quinque.
867 365 941 426 Cum
974 388 1043 445 ergo

42 455 226 514 timuerimus
268 454 328 512 duo
370 455 576 530 supplementa
613 474 648 512 ex
684 455 799 513 duabus
836 457 1044 532 superficiebus

42 544 200 619 uadratis,
233 542 399 602 remanebit
431 563 537 603 novem
567 546 690 618 excepta
717 543 816 602 radice
844 546 1044 624 quadraginta

359 631 502 708 quinque,
524 632 605 708 quod
622 635 667 691 est
684 631 836 691 residuum
854 633 965 692 lineam
980 636 1042 693 lon·

289 759 312 792 a
360 721 474 798 giorem
496 720 538 780 sic
560 721 592 780 in
614 721 689 780 duas
712 720 846 781 dividens
868 726 981 799 partes,
1008 726 1043 782 nt
1070 739 1083 779 ⁵

360 810 400 868 sit
422 811 511 869 unius
535 810 661 869 duarum
680 809 844 868 sectionum
866 810 898 868 in
917 813 1042 871 alteram

359 899 572 975 multiplicatio
605 897 719 974 equalis
751 899 898 974 quadrato
933 902 1040 960 medie·

358 989 432 1048 tatis
449 989 528 1047 linee
546 987 681 1063 secunde,
704 1006 760 1061 que
784 987 816 1045 in
833 976 890 1047 hod
907 990 1040 1065 exemplo

359 1081 405 1136 est
440 1077 578 1136 undecim
614 1080 644 1134 et
671 1068 819 1157 qua-ast)
875 1070 942 1137 llrit
970 1097 1040 1156 ergo

287 1163 308 1234 ἰι
358 1185 417 1225 una
440 1167 566 1225 duarum
588 1165 753 1224 sectionum
771 1168 885 1241 septem
904 1169 933 1224 et
952 1167 1039 1226 semis
1054 1184 1080 1223 ro

360 1259 390 1315 et
429 1257 525 1315 altera
560 1274 652 1312 unum
688 1256 719 1312 et
754 1254 849 1312 semis.
913 1254 1038 1314 Radices

42 1349 130 1400 lrum
165 1345 321 1405 coniuncte
358 1348 427 1405 sunt
462 1347 598 1421 potentes
635 1361 725 1420 supra
761 1343 959 1418 superficiem,
995 1363 1039 1403 se—

42 1427 156 1490 flndum
194 1435 274 1508 quod
310 1434 499 1495 ostendimus.
568 1432 642 1491 (lum
678 1434 778 1491 autem
814 1450 904 1490 unam
936 1452 1038 1491 earum

42 1525 60 1564 Χ
96 1520 189 1580 altera
220 1523 428 1597 minuerimus,
461 1523 603 1597 dicemus,
640 1521 719 1596 quod
750 1521 835 1580 radix
862 1523 976 1598 septem
1008 1525 1038 1581 et

42 1606 116 1665 emis
147 1614 270 1686 excepta
300 1613 399 1671 radice
429 1611 519 1670 unius
551 1613 581 1669 et
607 1610 695 1669 semis
728 1612 773 1668 est
799 1609 885 1668 radix
910 1610 1077 1671 residuant

42 1679 107 1754 ium
127 1718 196 1776 ergo
219 1701 518 1776 multiplicaverimus
541 1699 671 1757 radicem
694 1701 806 1774 septem
830 1702 861 1757 et
883 1700 970 1759 semis
989 1720 1036 1759 ex-

42 1787 115 1854 =epta
136 1788 235 1847 radice
258 1790 347 1850 unius
371 1787 424 1869 <et
446 1782 554 1865 semis>
576 1788 607 1845 in
631 1806 675 1861 se,
698 1788 764 1860 erit,
788 1788 868 1863 quod
890 1789 1037 1865 provenit,

42 1877 135 1933 ¹0vem
170 1881 294 1954 excepta
330 1879 428 1938 radice
465 1877 665 1954 quadraginta
701 1876 841 1952 quinque.
899 1877 1036 1938 Diximus

42 1959 141 2040 ruam,
167 1967 249 2041 quod
274 1968 426 2027 residuum
451 1966 484 2024 in
510 1968 570 2024 tres
598 1968 755 2040 separatur
781 1966 895 2040 partae,
923 1967 1036 2026 scilieet

42 2054 64 2137 {1
88 2051 225 2114 divisione
248 2056 326 2115 lineo
348 2055 504 2116 rationalis
527 2073 545 2113 a
567 2054 647 2112 linea
668 2053 802 2128 mediali,
830 2054 937 2113 autin
960 2055 1033 2115 divi·
1049 2074 1075 2112 ao

42 2143 110 2199 lone
135 2144 271 2204 medialis
298 2163 317 2203 a
343 2144 498 2217 rationali,
530 2146 584 2202 aut
611 2143 746 2201 medialis
774 2161 792 2200 a
819 2141 947 2202 mediali.
997 2145 1033 2202 In

42 2232 87 2285 ¹00
113 2231 216 2307 itaque
245 2235 377 2311 exemplo
406 2232 561 2292 divisimus
587 2232 698 2289 lineam
724 2231 882 2289 medialem
909 2250 927 2288 a
953 2232 1033 2290 linea

42 2314 174 2395 adonai,
197 2325 251 2380 aut
272 2323 429 2382 medialem
453 2339 471 2379 a
493 2320 627 2393 mediali;
653 2324 683 2378 et
705 2320 781 2377 illud
805 2323 858 2394 est,
881 2321 960 2395 quod
983 2319 1031 2379 de-

42 2411 188 2468 mnarum
211 2410 366 2470 voluimus.

112 2497 147 2554 ln
169 2498 225 2558 hoc
247 2500 370 2577 prologo
393 2497 627 2576 pretermisimus
651 2497 697 2555 uti
719 2496 817 2555 verbis
841 2498 972 2574 algebre,
1000 2500 1030 2555 et
1045 2514 1071 2554 25

42 2577 71 2636 Si
95 2587 204 2646 fuimus
226 2587 324 2647 verbis
347 2588 545 2663 arithmetice,
572 2585 712 2661 quoniam
734 2586 789 2644 hoc
812 2586 908 2644 levius
932 2587 1032 2647 existit

42 2668 202 2733 ttionabili.
245 2676 389 2736 Convenit
411 2676 523 2751 itaque,
545 2678 581 2734 nt
604 2675 726 2733 afferam
746 2694 781 2732 ex
799 2675 928 2734 numeris
947 2677 1031 2753 illud,

42 2762 102 2820 uod
132 2764 241 2842 dicam,
278 2765 358 2841 quod
390 2768 435 2824 est
465 2764 554 2840 illud,
591 2763 670 2839 quod
702 2763 777 2821 dixit
808 2763 967 2824 lluonmns
999 2767 1030 2824 in

48 2862 144 2920 gura
166 2845 391 2931 undecima.²)

42 2939 233 2964 μ...

92 2991 115 3040 3.
134 2985 266 3042 radicem.
289 3019 324 3028 -
348 2993 389 3042 11.
409 2986 499 3041 unius.
524 3018 557 3026 —
582 2993 623 3040 22.
644 2984 802 3055 divisimus]
822 2983 975 3040 divisionis.
995 3019 1030 3027 -

42 3049 57 3099 ³-
84 3060 134 3111 aut
150 3057 288 3113 medialis.
309 3090 341 3098 -
362 3065 403 3112 26.
424 3057 595 3112 arimethice.
616 3089 649 3096 -
669 3062 711 3110 27.
732 3055 873 3109 aufferam.

42 3137 805 3272 auraemalae.

92 3288 118 3356 l)
143 3286 279 3341 Eucumas
302 3286 340 3355 X,
364 3293 395 3340 11
425 3286 577 3356 (amians
603 3286 690 3354 idern,
717 3286 885 3341 Humanoms
908 3286 945 3353 X,
971 3290 1027 3354 10):

42 3358 167 3426 'oposeta
180 3358 300 3427 qualibet
312 3363 385 3412 recta
399 3359 472 3412 liaeo
486 3360 557 3413 duas
575 3360 601 3412 ei
615 3359 896 3413 iacornmeasarobiles
914 3359 1029 3412 alteram

65 3424 237 3500 madore
254 3435 375 3495 tanmem,
394 3430 508 3484 alteram
525 3431 557 3483 ia
575 3430 745 3511 loupitade'ac
763 3436 789 3483 et
805 3430 932 3497 potentio
947 3435 1040 3480 remes

42 3500 108 3554 *ecc
120 3501 246 3556 amcam.
273 3500 305 3553 In
322 3499 377 3553 liae
396 3499 470 3555 enirn
488 3501 688 3573 propositione
703 3498 855 3569 quaeritur
867 3496 962 3559 illua,
975 3493 1062 3558 upon

42 3571 161 3623 Mamm
177 3570 296 3638 exponit.

855 3654 916 3710 ΧΨ·
