<?xml version="1.0" encoding="UTF-8"?>
<!DOCTYPE html PUBLIC "-//W3C//DTD XHTML 1.0 Transitional//EN"
    "http://www.w3.org/TR/xhtml1/DTD/xhtml1-transitional.dtd">
<html xmlns="http://www.w3.org/1999/xhtml" xml:lang="en" lang="en">
 <head>
  <title>
</title>
<meta http-equiv="Content-Type" content="text/html;charset=utf-8" />
  <meta name='ocr-system' content='tesseract 3.04.00' />
  <meta name='ocr-capabilities' content='ocr_page ocr_carea ocr_par ocr_line ocrx_word'/>
</head>
<body>
  <div class='ocr_page' id='page_1' title='image "./euclidisoperaom14unkngoog_0283.png"; bbox 0 0 2340 3834; ppageno 0'>
   <div class='ocr_carea' id='block_1_1' title="bbox 61 169 788 235">
    <p class='ocr_par' dir='ltr' id='par_1_1' title="bbox 61 169 788 235">
     <span class='ocr_line' id='line_1_1' title="bbox 61 169 788 235; baseline -0.018 1"><span class='ocrx_word' id='word_1_1' title='bbox 61 171 126 235; x_wconf 78' lang='lat'>246</span> <span class='ocrx_word' id='word_1_2' title='bbox 348 170 514 224; x_wconf 82' lang='lat' dir='ltr'><strong>ANARITII</strong></span> <span class='ocrx_word' id='word_1_3' title='bbox 532 169 788 224; x_wconf 82' lang='lat' dir='ltr'><strong>COMMENTARII</strong></span> 
     </span>
    </p>
   </div>
   <div class='ocr_carea' id='block_1_2' title="bbox 33 337 1164 768">
    <p class='ocr_par' dir='ltr' id='par_1_2' title="bbox 33 337 1164 768">
     <span class='ocr_line' id='line_1_2' title="bbox 61 337 1164 415; baseline 0 -17"><span class='ocrx_word' id='word_1_4' title='bbox 61 340 125 415; x_wconf 91' lang='lat' dir='ltr'>ipse</span> <span class='ocrx_word' id='word_1_5' title='bbox 143 339 297 397; x_wconf 77' lang='lat' dir='ltr'>continent</span> <span class='ocrx_word' id='word_1_6' title='bbox 310 338 495 413; x_wconf 86' lang='lat' dir='ltr'>superficiem</span> <span class='ocrx_word' id='word_1_7' title='bbox 508 338 694 412; x_wconf 74' lang='lat' dir='ltr'>rationalem,</span> <span class='ocrx_word' id='word_1_8' title='bbox 708 337 960 413; x_wconf 79' lang='lat' dir='ltr'><strong>quemadmodum</strong></span> <span class='ocrx_word' id='word_1_9' title='bbox 974 340 1164 398; x_wconf 65' lang='lat' dir='ltr'>ostem·</span> 
     </span>
     <span class='ocr_line' id='line_1_3' title="bbox 61 426 1162 501; baseline -0.002 -14"><span class='ocrx_word' id='word_1_10' title='bbox 61 447 128 487; x_wconf 86' lang='lat' dir='ltr'>sum</span> <span class='ocrx_word' id='word_1_11' title='bbox 160 430 205 485; x_wconf 89' lang='lat' dir='ltr'>est</span> <span class='ocrx_word' id='word_1_12' title='bbox 233 426 265 483; x_wconf 93' lang='lat' dir='ltr'>in</span> <span class='ocrx_word' id='word_1_13' title='bbox 291 427 524 501; x_wconf 81' lang='lat' dir='ltr'>precedentibus.</span> <span class='ocrx_word' id='word_1_14' title='bbox 581 427 638 486; x_wconf 84' lang='lat' dir='ltr'>Sed</span> <span class='ocrx_word' id='word_1_15' title='bbox 670 427 696 485; x_wconf 90' lang='lat' dir='ltr'>si</span> <span class='ocrx_word' id='word_1_16' title='bbox 722 427 800 485; x_wconf 85' lang='lat' dir='ltr'>lineo</span> <span class='ocrx_word' id='word_1_17' title='bbox 823 431 859 486; x_wconf 56' lang='lat' dir='ltr'>&gt;et</span> <span class='ocrx_word' id='word_1_18' title='bbox 886 429 917 486; x_wconf 85' lang='lat' dir='ltr'>et</span> <span class='ocrx_word' id='word_1_19' title='bbox 944 427 977 485; x_wconf 79' lang='lat' dir='ltr'>tt</span> <span class='ocrx_word' id='word_1_20' title='bbox 1003 445 1162 486; x_wconf 74' lang='lat' dir='ltr'>com-</span> 
     </span>
     <span class='ocr_line' id='line_1_4' title="bbox 49 515 1161 592; baseline -0.003 -18"><span class='ocrx_word' id='word_1_21' title='bbox 49 515 397 590; x_wconf 78' lang='grc'><strong>111111111111111111111,</strong></span> <span class='ocrx_word' id='word_1_22' title='bbox 421 535 479 574; x_wconf 90' lang='lat' dir='ltr'>non</span> <span class='ocrx_word' id='word_1_23' title='bbox 503 520 580 574; x_wconf 89' lang='lat' dir='ltr'>esset</span> <span class='ocrx_word' id='word_1_24' title='bbox 603 515 752 592; x_wconf 91' lang='lat' dir='ltr'>possibile,</span> <span class='ocrx_word' id='word_1_25' title='bbox 774 518 809 574; x_wconf 93' lang='lat' dir='ltr'>ut</span> <span class='ocrx_word' id='word_1_26' title='bbox 832 518 911 574; x_wconf 87' lang='lat' dir='ltr'>esset</span> <span class='ocrx_word' id='word_1_27' title='bbox 932 534 993 574; x_wconf 93' lang='lat' dir='ltr'>una</span> <span class='ocrx_word' id='word_1_28' title='bbox 1019 534 1161 574; x_wconf 73' lang='lat' dir='ltr'>Ser</span> 
     </span>
     <span class='ocr_line' id='line_1_5' title="bbox 60 603 1159 680; baseline -0.004 -18"><span class='ocrx_word' id='word_1_29' title='bbox 60 604 207 663; x_wconf 88' lang='lat' dir='ltr'>linearum</span> <span class='ocrx_word' id='word_1_30' title='bbox 234 623 290 679; x_wconf 88' lang='lat' dir='ltr'>que</span> <span class='ocrx_word' id='word_1_31' title='bbox 319 606 389 662; x_wconf 91' lang='lat' dir='ltr'>sunt</span> <span class='ocrx_word' id='word_1_32' title='bbox 415 604 559 679; x_wconf 82' lang='lat' dir='ltr'>binomia,</span> <span class='ocrx_word' id='word_1_33' title='bbox 592 625 649 680; x_wconf 91' lang='lat' dir='ltr'>que</span> <span class='ocrx_word' id='word_1_34' title='bbox 677 607 746 663; x_wconf 90' lang='lat' dir='ltr'>sunt</span> <span class='ocrx_word' id='word_1_35' title='bbox 771 623 789 662; x_wconf 87' lang='lat' dir='ltr'>a</span> <span class='ocrx_word' id='word_1_36' title='bbox 815 605 913 680; x_wconf 93' lang='lat' dir='ltr'>primo</span> <span class='ocrx_word' id='word_1_37' title='bbox 940 603 1159 662; x_wconf 71' lang='lat' dir='ltr'>binomjo</span> 
     </span>
     <span class='ocr_line' id='line_1_6' title="bbox 33 688 1158 768; baseline -0.001 -17"><span class='ocrx_word' id='word_1_38' title='bbox 33 705 156 768; x_wconf 70' lang='lat' dir='ltr'>ausque</span> <span class='ocrx_word' id='word_1_39' title='bbox 185 693 223 751; x_wconf 90' lang='lat' dir='ltr'>ad</span> <span class='ocrx_word' id='word_1_40' title='bbox 251 695 373 751; x_wconf 84' lang='lat' dir='ltr'>sextum.</span> <span class='ocrx_word' id='word_1_41' title='bbox 424 692 508 762; x_wconf 80' lang='lat' dir='ltr'>Quod</span> <span class='ocrx_word' id='word_1_42' title='bbox 534 693 601 753; x_wconf 80' lang='lat' dir='ltr'>ideo</span> <span class='ocrx_word' id='word_1_43' title='bbox 630 696 688 767; x_wconf 91' lang='lat' dir='ltr'>est,</span> <span class='ocrx_word' id='word_1_44' title='bbox 716 693 857 768; x_wconf 89' lang='lat' dir='ltr'>quoniam</span> <span class='ocrx_word' id='word_1_45' title='bbox 886 688 1158 768; x_wconf 75' lang='lat' dir='ltr'>unumquod-</span> 
     </span>
    </p>
   </div>
   <div class='ocr_carea' id='block_1_3' title="bbox 547 950 913 997">
    <p class='ocr_par' dir='ltr' id='par_1_3' title="bbox 547 950 913 997">
     <span class='ocr_line' id='line_1_7' title="bbox 547 950 913 997; baseline -0.011 -5"><span class='ocrx_word' id='word_1_46' title='bbox 547 950 561 986; x_wconf 75' lang='lat' dir='ltr'><em>z</em></span> <span class='ocrx_word' id='word_1_47' title='bbox 890 950 913 997; x_wconf 72' lang='lat' dir='ltr'>,e</span> 
     </span>
    </p>
   </div>
   <div class='ocr_carea' id='block_1_4' title="bbox 543 971 910 1087">
    <p class='ocr_par' dir='ltr' id='par_1_4' title="bbox 543 971 910 1087">
     <span class='ocr_line' id='line_1_8' title="bbox 543 971 910 1087; baseline 0 -2"><span class='ocrx_word' id='word_1_48' title='bbox 543 971 910 1087; x_wconf 73' lang='lat' dir='ltr'>al—--—-&#39;r</span> 
     </span>
    </p>
   </div>
   <div class='ocr_carea' id='block_1_5' title="bbox 12 1062 1143 3427">
    <p class='ocr_par' dir='ltr' id='par_1_5' title="bbox 202 1062 917 1237">
     <span class='ocr_line' id='line_1_9' title="bbox 567 1062 893 1179; baseline 0 0"><span class='ocrx_word' id='word_1_49' title='bbox 567 1091 569 1160; x_wconf 69' lang='grc'>1</span> <span class='ocrx_word' id='word_1_50' title='bbox 889 1062 893 1179; x_wconf 91' lang='grc' dir='ltr'>Ι</span> 
     </span>
     <span class='ocr_line' id='line_1_10' title="bbox 202 1146 917 1237; baseline -0.006 0"><span class='ocrx_word' id='word_1_51' title='bbox 202 1174 424 1237; x_wconf 51' lang='lat' dir='ltr'>”V-*c</span> <span class='ocrx_word' id='word_1_52' title='bbox 552 1146 917 1199; x_wconf 51' lang='lat' dir='ltr'>‘&#39;*l</span> 
     </span>
    </p>

    <p class='ocr_par' dir='ltr' id='par_1_6' title="bbox 21 1305 1143 2009">
     <span class='ocr_line' id='line_1_11' title="bbox 60 1305 1143 1389; baseline -0.003 -17"><span class='ocrx_word' id='word_1_53' title='bbox 60 1333 125 1389; x_wconf 38' lang='lat' dir='ltr'>que,</span> <span class='ocrx_word' id='word_1_54' title='bbox 141 1333 190 1372; x_wconf 86' lang='lat' dir='ltr'>sex</span> <span class='ocrx_word' id='word_1_55' title='bbox 212 1314 424 1389; x_wconf 89' lang='lat' dir='ltr'>binomiorum,</span> <span class='ocrx_word' id='word_1_56' title='bbox 447 1305 514 1372; x_wconf 85' lang='lat' dir='ltr'>curn</span> <span class='ocrx_word' id='word_1_57' title='bbox 538 1313 712 1372; x_wconf 85' lang='lat' dir='ltr'>dividuntur</span> <span class='ocrx_word' id='word_1_58' title='bbox 734 1313 765 1370; x_wconf 89' lang='lat' dir='ltr'>in</span> <span class='ocrx_word' id='word_1_59' title='bbox 789 1313 862 1370; x_wconf 87' lang='lat' dir='ltr'>duas</span> <span class='ocrx_word' id='word_1_60' title='bbox 885 1313 991 1386; x_wconf 87' lang='lat' dir='ltr'>lineas,</span> <span class='ocrx_word' id='word_1_61' title='bbox 1013 1313 1143 1381; x_wconf 66' lang='lat'>&lt;3¹³⁰</span> 
     </span>
     <span class='ocr_line' id='line_1_12' title="bbox 61 1399 1139 1478; baseline -0.003 -18"><span class='ocrx_word' id='word_1_62' title='bbox 61 1405 130 1460; x_wconf 93' lang='lat' dir='ltr'>sunt</span> <span class='ocrx_word' id='word_1_63' title='bbox 152 1402 273 1460; x_wconf 90' lang='lat' dir='ltr'>nomina</span> <span class='ocrx_word' id='word_1_64' title='bbox 299 1402 405 1478; x_wconf 90' lang='lat' dir='ltr'>ipsius,</span> <span class='ocrx_word' id='word_1_65' title='bbox 433 1402 496 1477; x_wconf 92' lang='lat' dir='ltr'>ipse</span> <span class='ocrx_word' id='word_1_66' title='bbox 520 1403 673 1460; x_wconf 80' lang='lat' dir='ltr'>continent</span> <span class='ocrx_word' id='word_1_67' title='bbox 696 1401 882 1477; x_wconf 86' lang='lat' dir='ltr'>superficiem</span> <span class='ocrx_word' id='word_1_68' title='bbox 904 1399 1139 1458; x_wconf 69' lang='lat' dir='ltr'>medraten-</span> 
     </span>
     <span class='ocr_line' id='line_1_13' title="bbox 61 1489 1136 1570; baseline -0.003 -21"><span class='ocrx_word' id='word_1_69' title='bbox 61 1490 146 1560; x_wconf 80' lang='lat' dir='ltr'>Quod</span> <span class='ocrx_word' id='word_1_70' title='bbox 164 1491 209 1549; x_wconf 89' lang='lat' dir='ltr'>ita</span> <span class='ocrx_word' id='word_1_71' title='bbox 227 1509 289 1549; x_wconf 89' lang='lat' dir='ltr'>esse</span> <span class='ocrx_word' id='word_1_72' title='bbox 309 1494 433 1565; x_wconf 86' lang='lat' dir='ltr'>constat,</span> <span class='ocrx_word' id='word_1_73' title='bbox 453 1491 595 1566; x_wconf 87' lang='lat' dir='ltr'>quoniam</span> <span class='ocrx_word' id='word_1_74' title='bbox 612 1491 702 1566; x_wconf 91' lang='lat' dir='ltr'>primi</span> <span class='ocrx_word' id='word_1_75' title='bbox 715 1489 840 1548; x_wconf 90' lang='lat' dir='ltr'>binomii</span> <span class='ocrx_word' id='word_1_76' title='bbox 853 1489 950 1547; x_wconf 87' lang='lat' dir='ltr'>mains</span> <span class='ocrx_word' id='word_1_77' title='bbox 964 1489 1136 1570; x_wconf 45' lang='lat' dir='ltr'>nora?¹1</span> 
     </span>
     <span class='ocr_line' id='line_1_14' title="bbox 60 1577 1134 1656; baseline 0 -20"><span class='ocrx_word' id='word_1_78' title='bbox 60 1580 92 1636; x_wconf 92' lang='lat' dir='ltr'>in</span> <span class='ocrx_word' id='word_1_79' title='bbox 123 1580 309 1656; x_wconf 83' lang='lat' dir='ltr'>longitudine</span> <span class='ocrx_word' id='word_1_80' title='bbox 342 1583 387 1637; x_wconf 93' lang='lat' dir='ltr'>est</span> <span class='ocrx_word' id='word_1_81' title='bbox 417 1580 577 1652; x_wconf 87' lang='lat' dir='ltr'>rationale,</span> <span class='ocrx_word' id='word_1_82' title='bbox 606 1581 636 1637; x_wconf 90' lang='lat' dir='ltr'>et</span> <span class='ocrx_word' id='word_1_83' title='bbox 663 1579 761 1637; x_wconf 90' lang='lat' dir='ltr'>minus</span> <span class='ocrx_word' id='word_1_84' title='bbox 789 1581 835 1637; x_wconf 86' lang='lat' dir='ltr'>est</span> <span class='ocrx_word' id='word_1_85' title='bbox 864 1578 1012 1638; x_wconf 88' lang='lat' dir='ltr'>rationale</span> <span class='ocrx_word' id='word_1_86' title='bbox 1092 1577 1134 1617; x_wconf 80' lang='lat'>1¹¹</span> 
     </span>
     <span class='ocr_line' id='line_1_15' title="bbox 21 1665 1130 1744; baseline -0.008 -15"><span class='ocrx_word' id='word_1_87' title='bbox 21 1668 204 1743; x_wconf 79' lang='lat' dir='ltr'>inpotentia,</span> <span class='ocrx_word' id='word_1_88' title='bbox 228 1671 258 1726; x_wconf 91' lang='lat' dir='ltr'>et</span> <span class='ocrx_word' id='word_1_89' title='bbox 280 1668 342 1726; x_wconf 87' lang='lat' dir='ltr'>iam</span> <span class='ocrx_word' id='word_1_90' title='bbox 365 1670 516 1726; x_wconf 87' lang='lat' dir='ltr'>ostensum</span> <span class='ocrx_word' id='word_1_91' title='bbox 539 1672 583 1726; x_wconf 88' lang='lat' dir='ltr'>est</span> <span class='ocrx_word' id='word_1_92' title='bbox 606 1667 834 1744; x_wconf 84' lang='lat' dir='ltr'>exprobatione</span> <span class='ocrx_word' id='word_1_93' title='bbox 852 1666 948 1744; x_wconf 84' lang='lat' dir='ltr'>figure</span> <span class='ocrx_word' id='word_1_94' title='bbox 968 1665 1130 1726; x_wconf 64' lang='lat' dir='ltr'>notave</span> 
     </span>
     <span class='ocr_line' id='line_1_16' title="bbox 60 1752 1127 1833; baseline -0.001 -20"><span class='ocrx_word' id='word_1_95' title='bbox 60 1756 170 1814; x_wconf 87' lang='lat' dir='ltr'>decime</span> <span class='ocrx_word' id='word_1_96' title='bbox 207 1756 294 1814; x_wconf 92' lang='lat' dir='ltr'>huius</span> <span class='ocrx_word' id='word_1_97' title='bbox 330 1757 438 1833; x_wconf 87' lang='lat' dir='ltr'>partis,</span> <span class='ocrx_word' id='word_1_98' title='bbox 481 1756 559 1832; x_wconf 88' lang='lat' dir='ltr'>quod</span> <span class='ocrx_word' id='word_1_99' title='bbox 595 1757 658 1832; x_wconf 89' lang='lat' dir='ltr'>ipse</span> <span class='ocrx_word' id='word_1_100' title='bbox 695 1756 849 1815; x_wconf 87' lang='lat' dir='ltr'>continent</span> <span class='ocrx_word' id='word_1_101' title='bbox 885 1752 1127 1831; x_wconf 69' lang='lat' dir='ltr'>superficielm</span> 
     </span>
     <span class='ocr_line' id='line_1_17' title="bbox 59 1825 1122 1921; baseline -0.002 -21"><span class='ocrx_word' id='word_1_102' title='bbox 59 1843 224 1901; x_wconf 88' lang='lat' dir='ltr'>medialem.</span> <span class='ocrx_word' id='word_1_103' title='bbox 265 1845 309 1903; x_wconf 90' lang='lat' dir='ltr'>De</span> <span class='ocrx_word' id='word_1_104' title='bbox 332 1845 463 1905; x_wconf 90' lang='lat' dir='ltr'>binomio</span> <span class='ocrx_word' id='word_1_105' title='bbox 488 1864 606 1921; x_wconf 87' lang='lat' dir='ltr'>quoque</span> <span class='ocrx_word' id='word_1_106' title='bbox 630 1845 758 1904; x_wconf 85' lang='lat' dir='ltr'>secundo</span> <span class='ocrx_word' id='word_1_107' title='bbox 782 1843 921 1902; x_wconf 84' lang='lat' dir='ltr'>similiter</span> <span class='ocrx_word' id='word_1_108' title='bbox 943 1825 1122 1903; x_wconf 69' lang='lat' dir='ltr'>constat</span> 
     </span>
     <span class='ocr_line' id='line_1_18' title="bbox 60 1912 1122 2009; baseline 0.001 -20"><span class='ocrx_word' id='word_1_109' title='bbox 60 1933 139 2007; x_wconf 91' lang='lat' dir='ltr'>quod</span> <span class='ocrx_word' id='word_1_110' title='bbox 165 1932 258 2008; x_wconf 89' lang='lat' dir='ltr'>ipsius</span> <span class='ocrx_word' id='word_1_111' title='bbox 286 1934 381 1992; x_wconf 88' lang='lat' dir='ltr'>maius</span> <span class='ocrx_word' id='word_1_112' title='bbox 408 1954 516 1992; x_wconf 91' lang='lat' dir='ltr'>nomen</span> <span class='ocrx_word' id='word_1_113' title='bbox 539 1936 583 1992; x_wconf 92' lang='lat' dir='ltr'>est</span> <span class='ocrx_word' id='word_1_114' title='bbox 605 1934 753 1992; x_wconf 86' lang='lat' dir='ltr'>rationale</span> <span class='ocrx_word' id='word_1_115' title='bbox 775 1933 807 1990; x_wconf 92' lang='lat' dir='ltr'>in</span> <span class='ocrx_word' id='word_1_116' title='bbox 829 1932 1022 2009; x_wconf 84' lang='lat' dir='ltr'>longitudine</span> <span class='ocrx_word' id='word_1_117' title='bbox 1072 1912 1122 1973; x_wconf 63' lang='lat' dir='ltr'>el</span> 
     </span>
    </p>

    <p class='ocr_par' dir='ltr' id='par_1_7' title="bbox 12 2016 1119 2104">
     <span class='ocr_line' id='line_1_19' title="bbox 12 2016 1119 2104; baseline 0 -26"><span class='ocrx_word' id='word_1_118' title='bbox 12 2061 14 2064; x_wconf 28' lang='grc' dir='ltr'><em>ψ</em></span> <span class='ocrx_word' id='word_1_119' title='bbox 59 2016 200 2100; x_wconf 74' lang='lat' dir='ltr'>(minus)</span> <span class='ocrx_word' id='word_1_120' title='bbox 226 2041 286 2080; x_wconf 91' lang='lat' dir='ltr'>non</span> <span class='ocrx_word' id='word_1_121' title='bbox 313 2026 358 2081; x_wconf 88' lang='lat' dir='ltr'>est</span> <span class='ocrx_word' id='word_1_122' title='bbox 384 2023 530 2082; x_wconf 83' lang='lat' dir='ltr'>rationale</span> <span class='ocrx_word' id='word_1_123' title='bbox 558 2022 616 2080; x_wconf 91' lang='lat' dir='ltr'>nisi</span> <span class='ocrx_word' id='word_1_124' title='bbox 642 2021 846 2097; x_wconf 87' lang='lat' dir='ltr'>inpotentia,</span> <span class='ocrx_word' id='word_1_125' title='bbox 875 2024 906 2078; x_wconf 90' lang='lat' dir='ltr'>et</span> <span class='ocrx_word' id='word_1_126' title='bbox 932 2020 1013 2096; x_wconf 89' lang='lat' dir='ltr'>quod</span> <span class='ocrx_word' id='word_1_127' title='bbox 1053 2016 1119 2104; x_wconf 63' lang='lat' dir='ltr'>&amp;J</span> 
     </span>
    </p>

    <p class='ocr_par' dir='ltr' id='par_1_8' title="bbox 20 2109 1117 2544">
     <span class='ocr_line' id='line_1_20' title="bbox 20 2109 1117 2188; baseline -0.005 -16"><span class='ocrx_word' id='word_1_128' title='bbox 20 2132 46 2172; x_wconf 84' lang='lat'>15</span> <span class='ocrx_word' id='word_1_129' title='bbox 61 2109 102 2167; x_wconf 88' lang='lat' dir='ltr'>eis</span> <span class='ocrx_word' id='word_1_130' title='bbox 125 2111 157 2168; x_wconf 96' lang='lat' dir='ltr'>in</span> <span class='ocrx_word' id='word_1_131' title='bbox 179 2111 366 2188; x_wconf 86' lang='lat' dir='ltr'>longitudine</span> <span class='ocrx_word' id='word_1_132' title='bbox 389 2111 535 2170; x_wconf 86' lang='lat' dir='ltr'>rationale</span> <span class='ocrx_word' id='word_1_133' title='bbox 554 2131 615 2171; x_wconf 89' lang='lat' dir='ltr'>non</span> <span class='ocrx_word' id='word_1_134' title='bbox 633 2114 678 2169; x_wconf 92' lang='lat' dir='ltr'>est</span> <span class='ocrx_word' id='word_1_135' title='bbox 696 2110 792 2168; x_wconf 90' lang='lat' dir='ltr'>maius</span> <span class='ocrx_word' id='word_1_136' title='bbox 811 2128 929 2185; x_wconf 86' lang='lat' dir='ltr'>nomen,</span> <span class='ocrx_word' id='word_1_137' title='bbox 952 2110 989 2168; x_wconf 89' lang='lat' dir='ltr'>de</span> <span class='ocrx_word' id='word_1_138' title='bbox 1007 2113 1117 2184; x_wconf 72' lang='lat' dir='ltr'>qur</span> 
     </span>
     <span class='ocr_line' id='line_1_21' title="bbox 59 2190 1115 2275; baseline -0.001 -19"><span class='ocrx_word' id='word_1_139' title='bbox 59 2199 113 2258; x_wconf 86' lang='lat' dir='ltr'>bus</span> <span class='ocrx_word' id='word_1_140' title='bbox 151 2199 288 2258; x_wconf 88' lang='lat' dir='ltr'>similiter</span> <span class='ocrx_word' id='word_1_141' title='bbox 323 2201 515 2258; x_wconf 82' lang='lat' dir='ltr'>manifestum</span> <span class='ocrx_word' id='word_1_142' title='bbox 549 2199 709 2258; x_wconf 85' lang='lat' dir='ltr'>secundum</span> <span class='ocrx_word' id='word_1_143' title='bbox 739 2197 947 2274; x_wconf 87' lang='lat' dir='ltr'>probationem</span> <span class='ocrx_word' id='word_1_144' title='bbox 978 2190 1115 2275; x_wconf 45' lang='lat' dir='ltr'>figur?</span> 
     </span>
     <span class='ocr_line' id='line_1_22' title="bbox 61 2277 1116 2365; baseline -0.005 -17"><span class='ocrx_word' id='word_1_145' title='bbox 61 2292 163 2348; x_wconf 86' lang='lat' dir='ltr'>octavo</span> <span class='ocrx_word' id='word_1_146' title='bbox 188 2289 298 2347; x_wconf 88' lang='lat' dir='ltr'>decime</span> <span class='ocrx_word' id='word_1_147' title='bbox 321 2290 407 2347; x_wconf 89' lang='lat' dir='ltr'>huius</span> <span class='ocrx_word' id='word_1_148' title='bbox 430 2288 538 2365; x_wconf 88' lang='lat' dir='ltr'>partis,</span> <span class='ocrx_word' id='word_1_149' title='bbox 567 2288 645 2364; x_wconf 87' lang='lat' dir='ltr'>quod</span> <span class='ocrx_word' id='word_1_150' title='bbox 667 2287 731 2363; x_wconf 90' lang='lat' dir='ltr'>ipse</span> <span class='ocrx_word' id='word_1_151' title='bbox 754 2306 814 2345; x_wconf 92' lang='lat' dir='ltr'>non</span> <span class='ocrx_word' id='word_1_152' title='bbox 837 2288 993 2346; x_wconf 89' lang='lat' dir='ltr'>continent</span> <span class='ocrx_word' id='word_1_153' title='bbox 1014 2277 1116 2343; x_wconf 63' lang='lat' dir='ltr'>m&#39;ff’</span> 
     </span>
     <span class='ocr_line' id='line_1_23' title="bbox 59 2375 1115 2453; baseline -0.003 -19"><span class='ocrx_word' id='word_1_154' title='bbox 59 2377 224 2436; x_wconf 88' lang='lat' dir='ltr'>medialem.</span> <span class='ocrx_word' id='word_1_155' title='bbox 271 2378 365 2436; x_wconf 87' lang='lat' dir='ltr'>Tertii</span> <span class='ocrx_word' id='word_1_156' title='bbox 393 2380 493 2436; x_wconf 84' lang='lat' dir='ltr'>autem</span> <span class='ocrx_word' id='word_1_157' title='bbox 514 2376 637 2435; x_wconf 90' lang='lat' dir='ltr'>binomii</span> <span class='ocrx_word' id='word_1_158' title='bbox 661 2376 718 2434; x_wconf 89' lang='lat' dir='ltr'>duo</span> <span class='ocrx_word' id='word_1_159' title='bbox 742 2376 862 2434; x_wconf 90' lang='lat' dir='ltr'>nomina</span> <span class='ocrx_word' id='word_1_160' title='bbox 884 2375 919 2432; x_wconf 90' lang='lat' dir='ltr'>in</span> <span class='ocrx_word' id='word_1_161' title='bbox 941 2375 1115 2453; x_wconf 69' lang='lat' dir='ltr'>longius</span> 
     </span>
     <span class='ocr_line' id='line_1_24' title="bbox 61 2463 1091 2544; baseline -0.006 -20"><span class='ocrx_word' id='word_1_162' title='bbox 61 2465 128 2524; x_wconf 78' lang='lat' dir='ltr'>(line</span> <span class='ocrx_word' id='word_1_163' title='bbox 156 2470 226 2524; x_wconf 90' lang='lat' dir='ltr'>sunt</span> <span class='ocrx_word' id='word_1_164' title='bbox 248 2463 478 2544; x_wconf 82' lang='lat' dir='ltr'>&lt;ir&gt;rationalia</span> <span class='ocrx_word' id='word_1_165' title='bbox 506 2468 536 2523; x_wconf 96' lang='grc'>11</span> <span class='ocrx_word' id='word_1_166' title='bbox 562 2465 594 2522; x_wconf 92' lang='lat' dir='ltr'>in</span> <span class='ocrx_word' id='word_1_167' title='bbox 617 2483 652 2523; x_wconf 86' lang='lat' dir='ltr'>ea</span> <span class='ocrx_word' id='word_1_168' title='bbox 674 2463 974 2538; x_wconf 87' lang='lat' dir='ltr'>incommunicantia,</span> <span class='ocrx_word' id='word_1_169' title='bbox 1002 2473 1091 2536; x_wconf 62' lang='lat' dir='ltr'>erge!</span> 
     </span>
    </p>

    <p class='ocr_par' dir='ltr' id='par_1_9' title="bbox 21 2549 1066 2982">
     <span class='ocr_line' id='line_1_25' title="bbox 21 2549 1061 2628; baseline -0.006 -12"><span class='ocrx_word' id='word_1_170' title='bbox 21 2576 47 2616; x_wconf 81' lang='lat' dir='ltr'>ao</span> <span class='ocrx_word' id='word_1_171' title='bbox 60 2573 119 2612; x_wconf 90' lang='lat' dir='ltr'>non</span> <span class='ocrx_word' id='word_1_172' title='bbox 142 2554 294 2614; x_wconf 88' lang='lat' dir='ltr'>continent</span> <span class='ocrx_word' id='word_1_173' title='bbox 316 2555 374 2614; x_wconf 91' lang='lat' dir='ltr'>nisi</span> <span class='ocrx_word' id='word_1_174' title='bbox 395 2554 560 2612; x_wconf 86' lang='lat' dir='ltr'>medialem.</span> <span class='ocrx_word' id='word_1_175' title='bbox 601 2552 745 2611; x_wconf 84' lang='lat' dir='ltr'>Similiter</span> <span class='ocrx_word' id='word_1_176' title='bbox 768 2572 887 2628; x_wconf 90' lang='lat' dir='ltr'>quoque</span> <span class='ocrx_word' id='word_1_177' title='bbox 907 2549 1061 2611; x_wconf 84' lang='lat' dir='ltr'>necessarie</span> 
     </span>
     <span class='ocr_line' id='line_1_26' title="bbox 61 2641 1060 2719; baseline -0.003 -19"><span class='ocrx_word' id='word_1_178' title='bbox 61 2642 207 2718; x_wconf 87' lang='lat' dir='ltr'>contingit</span> <span class='ocrx_word' id='word_1_179' title='bbox 234 2643 266 2699; x_wconf 92' lang='lat' dir='ltr'>in</span> <span class='ocrx_word' id='word_1_180' title='bbox 291 2643 414 2719; x_wconf 88' lang='lat' dir='ltr'>reliquis</span> <span class='ocrx_word' id='word_1_181' title='bbox 441 2643 536 2701; x_wconf 91' lang='lat' dir='ltr'>tribus</span> <span class='ocrx_word' id='word_1_182' title='bbox 564 2641 710 2700; x_wconf 86' lang='lat' dir='ltr'>binomiis</span> <span class='ocrx_word' id='word_1_183' title='bbox 760 2642 887 2716; x_wconf 90' lang='lat' dir='ltr'>Propter</span> <span class='ocrx_word' id='word_1_184' title='bbox 914 2642 972 2700; x_wconf 91' lang='lat' dir='ltr'>hoc</span> <span class='ocrx_word' id='word_1_185' title='bbox 1001 2657 1060 2716; x_wconf 85' lang='lat' dir='ltr'>crgo</span> 
     </span>
     <span class='ocr_line' id='line_1_27' title="bbox 61 2727 1062 2806; baseline 0 -20"><span class='ocrx_word' id='word_1_186' title='bbox 61 2730 149 2804; x_wconf 85' lang='lat' dir='ltr'>dixit,</span> <span class='ocrx_word' id='word_1_187' title='bbox 186 2731 282 2804; x_wconf 87' lang='lat' dir='ltr'>„duas</span> <span class='ocrx_word' id='word_1_188' title='bbox 317 2732 483 2806; x_wconf 86' lang='lat' dir='ltr'>superficies</span> <span class='ocrx_word' id='word_1_189' title='bbox 515 2727 828 2789; x_wconf 85' lang='lat' dir='ltr'>incommunicantes“.</span> <span class='ocrx_word' id='word_1_190' title='bbox 883 2729 1062 2805; x_wconf 88' lang='lat' dir='ltr'>Unaqneque</span> 
     </span>
     <span class='ocr_line' id='line_1_28' title="bbox 60 2816 1065 2878; baseline -0.003 -1"><span class='ocrx_word' id='word_1_191' title='bbox 60 2837 130 2877; x_wconf 85' lang='lat' dir='ltr'>vero</span> <span class='ocrx_word' id='word_1_192' title='bbox 154 2818 278 2877; x_wconf 86' lang='lat' dir='ltr'>duarum</span> <span class='ocrx_word' id='word_1_193' title='bbox 301 2820 447 2878; x_wconf 86' lang='lat' dir='ltr'>linearum</span> <span class='ocrx_word' id='word_1_194' title='bbox 470 2824 500 2878; x_wconf 83' lang='lat' dir='ltr'>et</span> <span class='ocrx_word' id='word_1_195' title='bbox 519 2822 550 2878; x_wconf 92' lang='lat' dir='ltr'>et</span> <span class='ocrx_word' id='word_1_196' title='bbox 568 2821 601 2877; x_wconf 77' lang='lat' dir='ltr'>tle</span> <span class='ocrx_word' id='word_1_197' title='bbox 618 2839 678 2878; x_wconf 91' lang='lat' dir='ltr'>non</span> <span class='ocrx_word' id='word_1_198' title='bbox 696 2819 793 2877; x_wconf 90' lang='lat' dir='ltr'>solnm</span> <span class='ocrx_word' id='word_1_199' title='bbox 811 2820 858 2876; x_wconf 90' lang='lat' dir='ltr'>est</span> <span class='ocrx_word' id='word_1_200' title='bbox 875 2816 1065 2877; x_wconf 91' lang='lat' dir='ltr'>incommuni-</span> 
     </span>
     <span class='ocr_line' id='line_1_29' title="bbox 61 2906 1066 2982; baseline -0.002 -16"><span class='ocrx_word' id='word_1_201' title='bbox 61 2925 131 2966; x_wconf 87' lang='lat' dir='ltr'>cans</span> <span class='ocrx_word' id='word_1_202' title='bbox 154 2907 230 2965; x_wconf 87' lang='lat' dir='ltr'>linee</span> <span class='ocrx_word' id='word_1_203' title='bbox 253 2926 288 2967; x_wconf 76' lang='lat' dir='ltr'>cc</span> <span class='ocrx_word' id='word_1_204' title='bbox 311 2909 406 2982; x_wconf 90' lang='lat' dir='ltr'>posite</span> <span class='ocrx_word' id='word_1_205' title='bbox 429 2907 584 2982; x_wconf 85' lang='lat' dir='ltr'>rationali,</span> <span class='ocrx_word' id='word_1_206' title='bbox 607 2907 658 2966; x_wconf 87' lang='lat' dir='ltr'>sed</span> <span class='ocrx_word' id='word_1_207' title='bbox 681 2908 796 2982; x_wconf 88' lang='lat' dir='ltr'>etipse</span> <span class='ocrx_word' id='word_1_208' title='bbox 820 2907 913 2965; x_wconf 88' lang='lat' dir='ltr'>etiam</span> <span class='ocrx_word' id='word_1_209' title='bbox 935 2910 1006 2966; x_wconf 89' lang='lat' dir='ltr'>sunt</span> <span class='ocrx_word' id='word_1_210' title='bbox 1027 2906 1066 2964; x_wconf 89' lang='lat' dir='ltr'>in-</span> 
     </span>
    </p>

    <p class='ocr_par' dir='ltr' id='par_1_10' title="bbox 20 2996 1070 3338">
     <span class='ocr_line' id='line_1_30' title="bbox 20 2996 1068 3074; baseline -0.003 -18"><span class='ocrx_word' id='word_1_211' title='bbox 20 3017 46 3058; x_wconf 80' lang='grc'>11</span> <span class='ocrx_word' id='word_1_212' title='bbox 61 2997 310 3055; x_wconf 87' lang='lat' dir='ltr'>communicantes</span> <span class='ocrx_word' id='word_1_213' title='bbox 338 2998 369 3055; x_wconf 89' lang='lat' dir='ltr'>in</span> <span class='ocrx_word' id='word_1_214' title='bbox 396 2996 595 3074; x_wconf 83' lang='lat' dir='ltr'>longitudine,</span> <span class='ocrx_word' id='word_1_215' title='bbox 627 3016 664 3054; x_wconf 90' lang='lat' dir='ltr'>ne</span> <span class='ocrx_word' id='word_1_216' title='bbox 693 2996 871 3054; x_wconf 88' lang='lat' dir='ltr'>rationalem</span> <span class='ocrx_word' id='word_1_217' title='bbox 899 2996 1068 3055; x_wconf 86' lang='lat' dir='ltr'>contineant</span> 
     </span>
     <span class='ocr_line' id='line_1_31' title="bbox 61 3083 1068 3160; baseline -0.001 -18"><span class='ocrx_word' id='word_1_218' title='bbox 61 3084 253 3160; x_wconf 84' lang='lat' dir='ltr'>superficiem.</span> <span class='ocrx_word' id='word_1_219' title='bbox 303 3085 379 3144; x_wconf 81' lang='lat' dir='ltr'>Tota</span> <span class='ocrx_word' id='word_1_220' title='bbox 407 3089 507 3144; x_wconf 91' lang='lat' dir='ltr'>autem</span> <span class='ocrx_word' id='word_1_221' title='bbox 533 3086 613 3143; x_wconf 89' lang='lat' dir='ltr'>linea</span> <span class='ocrx_word' id='word_1_222' title='bbox 642 3085 678 3143; x_wconf 79' lang='lat' dir='ltr'>eb</span> <span class='ocrx_word' id='word_1_223' title='bbox 705 3087 758 3142; x_wconf 86' lang='lat' dir='ltr'>aut</span> <span class='ocrx_word' id='word_1_224' title='bbox 786 3083 843 3142; x_wconf 89' lang='lat' dir='ltr'>erit</span> <span class='ocrx_word' id='word_1_225' title='bbox 866 3102 915 3157; x_wconf 90' lang='lat' dir='ltr'>ea,</span> <span class='ocrx_word' id='word_1_226' title='bbox 944 3088 1068 3160; x_wconf 83' lang='lat' dir='ltr'>quaest</span> 
     </span>
     <span class='ocr_line' id='line_1_32' title="bbox 59 3172 1070 3250; baseline -0.002 -19"><span class='ocrx_word' id='word_1_227' title='bbox 59 3172 225 3232; x_wconf 88' lang='lat' dir='ltr'>binomium</span> <span class='ocrx_word' id='word_1_228' title='bbox 247 3174 385 3248; x_wconf 89' lang='lat' dir='ltr'>tercium,</span> <span class='ocrx_word' id='word_1_229' title='bbox 409 3178 461 3233; x_wconf 88' lang='lat' dir='ltr'>aut</span> <span class='ocrx_word' id='word_1_230' title='bbox 485 3193 528 3250; x_wconf 91' lang='lat' dir='ltr'>ea,</span> <span class='ocrx_word' id='word_1_231' title='bbox 551 3193 608 3250; x_wconf 91' lang='lat' dir='ltr'>que</span> <span class='ocrx_word' id='word_1_232' title='bbox 632 3176 677 3232; x_wconf 90' lang='lat' dir='ltr'>est</span> <span class='ocrx_word' id='word_1_233' title='bbox 698 3172 865 3231; x_wconf 89' lang='lat' dir='ltr'>binomium</span> <span class='ocrx_word' id='word_1_234' title='bbox 887 3175 1020 3246; x_wconf 73' lang='lat' dir='ltr'>sextum,</span> <span class='ocrx_word' id='word_1_235' title='bbox 1042 3174 1070 3230; x_wconf 86' lang='lat' dir='ltr'>et</span> 
     </span>
     <span class='ocr_line' id='line_1_33' title="bbox 60 3262 723 3338; baseline -0.002 -18"><span class='ocrx_word' id='word_1_236' title='bbox 60 3262 137 3320; x_wconf 91' lang='lat' dir='ltr'>illud</span> <span class='ocrx_word' id='word_1_237' title='bbox 160 3266 217 3337; x_wconf 91' lang='lat' dir='ltr'>est,</span> <span class='ocrx_word' id='word_1_238' title='bbox 241 3263 322 3338; x_wconf 85' lang='lat' dir='ltr'>quod</span> <span class='ocrx_word' id='word_1_239' title='bbox 345 3263 545 3321; x_wconf 88' lang='lat' dir='ltr'>demonstrare</span> <span class='ocrx_word' id='word_1_240' title='bbox 568 3262 723 3322; x_wconf 84' lang='lat' dir='ltr'>voluimus.</span> 
     </span>
    </p>

    <p class='ocr_par' dir='ltr' id='par_1_11' title="bbox 149 3349 1073 3427">
     <span class='ocr_line' id='line_1_34' title="bbox 149 3349 1073 3427; baseline 0 -19"><span class='ocrx_word' id='word_1_241' title='bbox 149 3351 222 3410; x_wconf 89' lang='lat' dir='ltr'>Post</span> <span class='ocrx_word' id='word_1_242' title='bbox 235 3353 290 3410; x_wconf 91' lang='lat' dir='ltr'>hoc</span> <span class='ocrx_word' id='word_1_243' title='bbox 305 3351 378 3426; x_wconf 91' lang='lat' dir='ltr'>dico,</span> <span class='ocrx_word' id='word_1_244' title='bbox 398 3352 478 3427; x_wconf 87' lang='lat' dir='ltr'>quod</span> <span class='ocrx_word' id='word_1_245' title='bbox 499 3370 612 3426; x_wconf 90' lang='lat' dir='ltr'>neque</span> <span class='ocrx_word' id='word_1_246' title='bbox 632 3369 684 3425; x_wconf 88' lang='lat' dir='ltr'>ea,</span> <span class='ocrx_word' id='word_1_247' title='bbox 704 3369 770 3425; x_wconf 92' lang='lat' dir='ltr'>que</span> <span class='ocrx_word' id='word_1_248' title='bbox 790 3352 843 3408; x_wconf 88' lang='lat' dir='ltr'>est</span> <span class='ocrx_word' id='word_1_249' title='bbox 860 3349 1073 3425; x_wconf 89' lang='lat' dir='ltr'>binomium,</span> 
     </span>
    </p>
   </div>
   <div class='ocr_carea' id='block_1_6' title="bbox 122 3536 849 3614">
    <p class='ocr_par' dir='ltr' id='par_1_12' title="bbox 122 3536 849 3614">
     <span class='ocr_line' id='line_1_35' title="bbox 122 3536 849 3614; baseline -0.01 -21"><span class='ocrx_word' id='word_1_250' title='bbox 122 3544 148 3596; x_wconf 78' lang='lat'>4.</span> <span class='ocrx_word' id='word_1_251' title='bbox 172 3538 313 3614; x_wconf 87' lang='lat' dir='ltr'>binomia]</span> <span class='ocrx_word' id='word_1_252' title='bbox 333 3537 471 3596; x_wconf 88' lang='lat' dir='ltr'>binerale.</span> <span class='ocrx_word' id='word_1_253' title='bbox 493 3571 524 3580; x_wconf 94' lang='lat'>-</span> <span class='ocrx_word' id='word_1_254' title='bbox 544 3536 738 3593; x_wconf 62' lang='grc'><strong>1111111111.</strong></span> <span class='ocrx_word' id='word_1_255' title='bbox 847 3593 849 3601; x_wconf 33' lang='grc' dir='ltr'>Ι</span> 
     </span>
    </p>
   </div>
   <div class='ocr_carea' id='block_1_7' title="bbox 0 0 1174 3834">
    <p class='ocr_par' dir='ltr' id='par_1_13' title="bbox 0 0 1174 3834">
     <span class='ocr_line' id='line_1_36' title="bbox 0 0 1174 3834; baseline 0 0"><span class='ocrx_word' id='word_1_256' title='bbox 0 0 1174 3834; x_wconf 95' lang='lat' dir='ltr'> </span> 
     </span>
    </p>
   </div>
  </div>
 </body>
</html>
