2340 3834
139 158 202 223 158
422 159 589 214 ANARITII
607 159 864 217 COMMENTARH

136 328 233 387 minor
257 347 314 402 quc
332 328 397 404 crit,
420 329 475 388 hec
493 328 658 389 similitudo
677 330 735 389 erit
752 331 783 388 in
802 331 899 389 tribus
919 331 1137 407 quantitatibus,

137 418 168 473 et
190 419 235 475 est
257 417 441 493 comparatio
463 418 656 494 habitudinis,
681 439 739 495 que
763 422 808 478 est
830 419 909 478 inter
931 420 1004 480 duas
1026 419 1130 496 quanti-

135 509 214 564 tates
237 506 348 581 primas
371 507 621 583 proportionales
648 511 678 566 et
699 508 895 585 habitudinis,
920 529 979 584 que
1001 513 1044 569 est
1062 509 1129 568 inter

137 595 219 653 alias.
270 595 363 672 Ergo,
396 615 462 654 cum
492 597 585 654 fuerit
616 596 771 672 habitudo,
805 616 863 672 que
893 601 939 657 est
965 598 1042 656 inter
1065 598 1128 655 aas

109 683 255 760 sprimas,
278 685 389 759 cadem,
414 690 471 759 que
491 688 536 744 est
555 685 634 743 inter
651 686 726 744 duas
745 689 918 762 postremas,
938 687 1046 746 dicitur
1060 690 1125 756 mc,

137 773 215 848 qnod
227 777 272 831 est
280 773 334 831 hec
343 773 486 832 habitudo
496 773 698 833 similitudinis
708 775 740 833 in
748 775 953 850 proportione3
969 779 999 834 et
1009 790 1127 835 eunucu

134 861 227 920 fuerit
241 862 292 937 sic,
305 881 364 921 non
374 864 431 921 erit
440 867 512 922 tnnc
521 862 666 922 habitudo
681 863 885 922 similitudinis
898 864 930 922 in
940 865 1127 941 proportionm.

136 954 166 1009 et
188 951 241 1010 hec
264 956 309 1011 est
332 953 484 1027 quantitas
508 955 538 1009 et
560 970 620 1009 non
644 953 782 1027 qualitas.
828 951 984 1029 Quoniam,
1006 954 1032 1012 si
1050 952 1130 1015 fucrit·

135 1039 286 1116 habitudo,
310 1061 366 1116 que
390 1043 435 1099 est
456 1041 535 1098 inter
557 1040 630 1099 duas
653 1041 772 1116 primas,
795 1041 938 1101 habitudo
962 1039 1128 1118 equalitatis,

95 1145 122 1184 ro
135 1125 231 1207 (aut)
254 1130 311 1187 erit
332 1129 485 1204 habitudo,
509 1149 567 1204 que
590 1133 635 1188 est
657 1130 735 1188 inter
758 1130 831 1188 duas
854 1130 975 1207 primas,
1000 1129 1123 1190 habitudo

133 1219 353 1294 multiplicium,
373 1222 426 1277 aut
437 1218 580 1276 habitudo
594 1219 698 1293 partis,
713 1221 766 1276 aut
778 1218 921 1278 habitudo
935 1220 1071 1295 partium,
1081 1220 1123 1277 aut

134 1307 194 1365 alia
211 1306 356 1366 habitudo
374 1307 582 1382 proportionis,
602 1325 674 1382 quas
694 1308 876 1382 quantitates
891 1309 1122 1368 communicantes

134 1391 298 1474 <habent>2
317 1395 374 1454 erit
388 1395 479 1454 etiam
492 1395 643 1472 habitudo,
658 1416 714 1471 que
729 1398 775 1454 est
787 1396 866 1454 inter
880 1397 955 1455 duas
968 1401 1122 1474 postremas,

134 1479 236 1542 eadem
250 1483 401 1559 habitudo,
421 1484 491 1559 quia
504 1485 557 1542 hec
571 1489 641 1543 sunt
655 1486 815 1560 qualitates
830 1490 860 1544 ct
873 1506 934 1545 non
950 1487 1120 1561 quantitates.

93 1586 119 1627 rs
133 1573 174 1631 Et
200 1573 336 1630 similiter
361 1573 452 1632 etiam
473 1573 617 1633 habitudo
641 1573 699 1632 erit
721 1574 799 1633 inter
823 1575 1008 1650 quantitates
1030 1576 1122 1633 incom-

132 1662 324 1720 municantes.
371 1659 496 1731 Quodsi
513 1663 605 1722 fuerit
623 1663 655 1720 in
673 1663 769 1721 tribus
789 1664 1022 1740 quantitatibus,
1043 1664 1122 1740 prima

132 1750 255 1824 scilicet,
283 1751 412 1809 secunda
440 1755 469 1810 et
495 1751 601 1826 tercia,
629 1755 659 1809 et
685 1751 778 1810 fuerit
804 1752 959 1827 proportio
983 1754 1074 1828 prime
1092 1748 1122 1808 ad

131 1839 291 1897 secundam
317 1842 351 1898 ut
379 1841 503 1899 secunde
527 1840 565 1898 ad
587 1840 723 1914 terciam,
751 1843 781 1899 et
803 1842 1022 1900 mensuraverit
1042 1840 1123 1917 prims

130 1927 302 2003 secundam,
332 1933 362 1987 et
389 1929 577 2005 superfluent
602 1929 792 2003 superfluitas
819 1948 881 1987 una
907 1931 1005 1989 minor
1030 1930 1123 2006 primu

91 2031 118 2070 so
132 2020 163 2075 et
184 2020 288 2092 postea
310 2017 526 2077 mensuraverit
547 2018 678 2076 secunda
699 2017 831 2095 terciam,
854 2013 927 2096 <et>
950 2017 1125 2094 superfluent

131 2107 320 2181 superfluitas
352 2126 412 2165 una
443 2107 540 2166 minor
575 2106 717 2182 secunda,
753 2109 784 2164 et
819 2107 911 2165 fuerit
946 2105 1128 2180 mennam.

131 2214 191 2270 qua
218 2195 346 2254 secunda
373 2199 526 2254 mensurat
552 2196 688 2271 terciam,
717 2195 832 2271 eadem,
857 2215 915 2271 qna
938 2196 1036 2272 prima
1056 2214 1125 2254 man·

130 2288 213 2343 surat
241 2284 413 2358 secundam3
446 2284 550 2343 deinde
580 2285 670 2342 etiam
697 2285 915 2343 mensuraverit
941 2284 1126 2360 superfluitas,

130 2394 186 2449 que
209 2372 364 2448 superfluit
387 2393 421 2431 er
444 2373 580 2447 secunda,
604 2373 805 2448 quantitatem
826 2373 964 2450 primam,
987 2377 1020 2433 et
1036 2390 1146 2449 snper·-

90 2475 115 2516 π
129 2462 229 2520 fluerit
269 2461 330 2520 alia
369 2463 572 2537 superfluitaS,
619 2482 675 2537 que
716 2461 756 2520 sit
796 2461 893 2522 minor
929 2462 1128 2538 superfluitate·

129 2551 234 2625 prima,
258 2568 316 2625 que
339 2551 537 2625 superflueret
559 2570 594 2608 ex
617 2550 745 2609 secunda
766 2550 948 2624 quantitate3
972 2554 1002 2610 et
1019 2567 1125 2610 mensu·

128 2638 241 2697 raverit
263 2639 353 2697 etiam
377 2634 606 2717 super<fluitas>
629 2640 765 2713 secunda,
796 2659 853 2714 que
878 2640 1076 2715 superflueret
1094 2654 1125 2696 ex

127 2727 221 2786 tercia
252 2728 433 2802 quantitate,
464 2727 635 2802 secundam,
668 2730 698 2786 et
725 2728 913 2802 superfluent
946 2729 1008 2787 alia
1034 2745 1124 2804 super·

127 2816 228 2875 finitas
241 2816 337 2875 minor
351 2815 557 2890 superfluitate
570 2816 675 2892 prima,
695 2835 753 2891 qua
769 2816 969 2892 superflueret
980 2836 1017 2875 ex
1030 2815 1127 2888 tanain

87 2919 115 2958 so
128 2908 159 2962 et
184 2906 277 2963 fuerit
298 2905 493 2980 mensuratio,
523 2923 583 2979 qua
605 2905 796 2980 superfluitas
818 2905 927 2981 prima,
952 2925 1011 2981 que
1034 2923 1127 2982 super·

126 2995 234 3053 fluerat
244 3012 279 3051 ex
287 2993 390 3067 tercia,
402 2996 555 3052 mensurat
564 2993 765 3068 quantitatem
777 2994 945 3069 secundam,
954 2995 1128 3072 eademqne
1164 3050 1166 3067 ,

126 3082 316 3157 superfluitas
339 3081 444 3157 prima,
470 3101 527 3157 que
550 3083 706 3158 superfluit
729 3103 765 3141 ex
787 3083 924 3158 secunda,
948 3101 1018 3143 aum
1039 3083 1128 3160 prim

126 3171 310 3230 mensuravit
337 3190 414 3246 eam,
441 3174 602 3230 mensurat·
616 3171 759 3247 primam,
790 3174 820 3230 et
846 3171 1007 3247 superfluit
1033 3189 1126 3248 super·

196 3399 221 3449 5.
241 3391 401 3449 dicentium.
426 3425 459 3434 -
483 3398 559 3449 6-7.
583 3411 646 3448 cnm
663 3410 730 3449 vero
751 3393 841 3448 fuerit.
866 3425 901 3434 -
925 3399 967 3450 18.
991 3396 1086 3448 antem
1101 3392 1129 3446 et

124 3464 219 3522 etiam.
238 3497 273 3505 -
293 3470 334 3519 14,
353 3463 432 3537 qnia]
451 3466 533 3533 quod.
553 3498 588 3506 -
607 3471 648 3521 17.
663 3465 749 3520 fuerit
762 3467 798 3521 et.
818 3497 852 3506 —
872 3471 913 3519 19.
928 3463 1064 3520 minorin
1076 3477 1128 3518 nno

105 3536 212 3604 nmmo.
234 3570 270 3580 -
290 3543 333 3594 28.
354 3535 414 3593 alia
432 3539 470 3596 et.
