2340 3834
412 187 462 240 AD
481 185 667 240 EUCLIDEM
684 186 750 242 LlB.
766 185 798 240 X.
1045 186 1110 250 265

64 355 247 430 superfluo
279 355 454 432 adiungitur
481 355 662 431 quadratum
688 357 742 430 leb,
775 358 805 413 et
832 355 978 413 minuitur
1005 373 1040 412 ex
1067 373 1111 429 eo,

67 443 182 521 quod
203 444 238 502 fit
261 463 297 502 ex
319 444 570 519 multiplicatione
593 446 635 503 ab
658 445 689 502 in
713 445 753 502 bh
776 444 891 503 duabus
915 443 1043 518 vicibus,
1066 463 1109 501 re·

65 535 202 591 manet
233 533 413 608 quadratum
445 535 496 593 eh.
548 533 738 609 superfluum
770 534 871 591 autem
902 532 1042 608 quadrati
1070 533 1111 591 ab

68 640 189 695 super
215 621 395 697 quadratum
422 623 464 681 oh
493 625 538 681 est
565 621 733 698 superficies
760 616 822 699 <aa
849 619 899 699 et>
921 626 964 681 rt:
993 622 1018 679 si
1042 640 1111 698 ergo

69 710 234 768 minuero
258 731 293 769 ex
311 710 458 786 quadrato
478 713 519 770 ab
538 711 706 786 superficies
726 729 765 771 aa
784 715 814 769 et
831 715 864 770 rt
881 714 911 768 et
930 709 1113 786 quadratum
1140 722 1152 762 5

73 798 148 872 ab,
176 819 229 873 que
253 801 333 874 sunt,
356 800 436 874 quod
453 799 488 858 fit
506 820 542 857 ex
559 800 808 875 multiplicatione
828 801 869 859 ab
887 800 919 856 in
939 801 978 858 bh
997 799 1112 857 duabus

76 886 228 962 vicibus,
255 888 422 946 remanebit
449 888 629 963 quadratum
656 890 700 947 eh
723 888 877 964 superficie
899 890 942 947 ab
966 889 1113 946 diminuta

82 992 128 1030 ex
165 994 202 1034 eo.
248 976 367 1034 Addam
390 979 490 1035 autem
512 977 609 1052 ipsam
632 978 672 1035 ei:
696 996 765 1054 ergo
790 977 846 1035 erit
869 976 1048 1053 quadratum
1071 977 1113 1035 alc

85 1064 123 1117 et
162 1065 342 1138 quadratum
359 1067 412 1139 bh,
436 1066 515 1141 quod
538 1069 583 1124 est
606 1067 665 1125 duo
689 1066 856 1142 supefficies
877 1085 934 1141 pa,
957 1067 1008 1124 ab.
1055 1064 1113 1122 Sed

10 1226 12 1231 Ι
87 1147 168 1208 iam
191 1155 263 1229 fuit,
292 1155 373 1229 qnod
395 1154 429 1212 fit
453 1175 488 1212 ex
511 1156 551 1213 ab
574 1155 606 1211 in
630 1174 660 1214 se
683 1156 793 1231 ipsam,
821 1158 951 1228 centum,
979 1158 1009 1212 et
1033 1153 1153 1229 quod1⁰

10 1246 13 1259 '
90 1235 131 1294 fit
169 1259 199 1300 ex
226 1244 267 1302 ba
289 1243 321 1300 in
345 1261 375 1301 se
397 1242 507 1318 ipsam,
536 1262 646 1302 census
692 1244 794 1301 Minue
818 1263 852 1300 ex
875 1263 909 1303 eo
933 1245 973 1301 ab
996 1243 1028 1299 in
1050 1261 1113 1300 rem

93 1323 216 1390 duabus
239 1331 367 1391 vicibus:
397 1351 466 1407 ergo
491 1334 577 1390 erunt
600 1336 719 1391 centum
743 1332 872 1408 exceptis
894 1332 1001 1408 viginti
1025 1330 1112 1389 rebus

95 1414 126 1468 et
164 1435 264 1479 census
292 1420 420 1478 additus.
466 1419 551 1488 Quod
574 1420 599 1478 si
622 1421 804 1480 voluerimus
829 1441 865 1478 ex
886 1420 1014 1479 numeris
1037 1420 1113 1477 inte-

96 1501 178 1580 gH'S,
202 1528 220 1566 a
244 1509 351 1584 quibus
374 1509 504 1567 numeris
528 1509 673 1584 excipitur
695 1510 819 1587 integer,
840 1510 873 1566 in
896 1529 926 1568 se
949 1509 1059 1586 ipsum,
1083 1510 1114 1566 et

93 1583 178 1652 illud
201 1601 256 1673 est,
280 1598 359 1673 quod
382 1598 583 1656 demonstrare
607 1598 763 1657 voluimus.
1127 1608 1153 1649 15

28 1750 31 1755 ¹
191 1686 323 1744 Datum
345 1706 528 1745 numerum
551 1687 601 1745 sio
623 1688 659 1744 in
683 1689 770 1746 duas
793 1691 914 1763 partes
939 1685 1113 1760 dividere,

92 1765 149 1839 11³⁰,
176 1776 239 1851 qui
258 1795 298 1834 ex
316 1775 626 1851 multiplicatione
645 1777 750 1834 unius
770 1795 889 1834 earum
907 1776 943 1833 in
962 1777 1114 1833 alteram

90 1865 286 1939 provenit,
318 1883 462 1923 numero
496 1866 579 1922 dato
612 1865 660 1923 sit
693 1866 841 1939 equalis.
895 1865 978 1922 Unus
1011 1865 1114 1938 itaque

89 1933 230 2034 d}101·um
261 1972 450 2012 numerorum
482 1954 521 2011 sit
552 1954 666 2028 decem,
699 1973 787 2028 quem
816 1955 847 2010 in
876 1953 950 2011 duas
978 1953 1019 2011 sic
1046 1952 1114 2010 volo

88 2019 236 2098 dlvidere
254 2044 364 2117 partes,
381 2045 416 2099 ut
434 2041 474 2100 sit
491 2042 704 2117 multiplicatio
722 2043 810 2100 unius
829 2061 931 2100 earum
944 2042 976 2099 in
990 2042 1115 2099 alteram
1129 2054 1155 2094 ao

10 2156 15 2167 ν
87 2126 222 2211 equalis
244 2129 354 2206 viginti
375 2149 445 2204 uno,
468 2130 547 2205 quod
571 2133 623 2205 est,
647 2149 682 2188 ao
705 2130 729 2189 si
752 2131 927 2189 diceremus:
954 2148 1057 2188 census
1081 2147 1115 2187 ac

84 2209 215 2280 ngnti
236 2237 312 2277 unus
336 2222 463 2294 equatur
481 2218 581 2277 decem
599 2218 756 2278 radicibus.
764 2212 788 2296 1)
836 2217 883 2276 Sit
900 2218 993 2295 igitur
1012 2236 1115 2275 census

84 2301 287 2365 quadratum
309 2325 360 2382 aq,
383 2310 413 2366 et
435 2307 603 2382 supefficies
627 2310 664 2366 be
687 2309 725 2366 sit
748 2307 857 2385 viginti
874 2325 964 2364 unus:
988 2324 1057 2382 ergo
1077 2323 1116 2363 ec

82 2383 136 2438 est
169 2395 276 2455 decem
298 2396 412 2454 radices
435 2414 548 2454 census.
584 2397 666 2472 Ergo
687 2397 731 2455 ed
754 2399 799 2454 est
821 2415 959 2454 numerus
981 2394 1115 2452 radicum

79 2476 225 2560 Census,
253 2485 333 2559 quod
360 2487 406 2543 est
432 2483 546 2542 decem:
574 2485 642 2543 volo
669 2485 771 2559 itaque
799 2485 929 2544 dividere
958 2485 1057 2542 decem
1084 2483 1116 2541 in
1136 2497 1163 2537 25

78 2545 177 2627 duas
213 2576 313 2649 partes
344 2573 434 2647 tales,
466 2576 501 2631 ut
533 2573 572 2631 sit
602 2573 813 2648 multiplicatio
840 2565 929 2632 unius
957 2592 1058 2631 earum
1084 2571 1116 2629 in

76 2637 234 2720 alteram
256 2661 365 2738 viginti
387 2681 472 2720 unus.
513 2661 579 2718 Iam
597 2664 698 2719 autem
715 2663 775 2720 fuit
793 2665 944 2721 ostensum
962 2663 993 2719 in
1013 2661 1116 2736 quinta

74 2720 206 2826 figura
237 2751 332 2826 partis
365 2750 503 2824 secunde,
537 2750 616 2825 quod
650 2750 744 2808 omnis
771 2751 848 2808 linee
874 2751 906 2808 in
935 2750 992 2808 duo
1019 2750 1117 2808 media

99 2829 204 2897 lviso
232 2842 261 2898 et
287 2839 320 2896 in
346 2839 419 2897 duas
447 2839 599 2914 inequales
627 2839 770 2897 sectiones
794 2839 1004 2915 multiplicatio
1027 2839 1117 2897 unius

72 2894 234 2985 duarum
265 2927 449 3002 inequalium
481 2927 512 2985 in
544 2929 683 3002 alteram,
716 2931 745 2986 et
775 2928 986 3003 multiplicatio
1016 2946 1117 3003 super·
1131 2941 1157 2980 so

69 3003 321 3046 N—

183 3101 206 3149 7.
226 3094 407 3165 supernciem.
427 3128 460 3135 -
481 3101 522 3150 11.
543 3098 653 3177 census]
672 3096 792 3151 eosdem.
812 3129 846 3137 —
868 3103 910 3151 12.
930 3099 1063 3151 centrum.
1084 3128 1117 3136 -

67 3135 132 3201 21,
165 3165 274 3236 viginti
292 3182 416 3220 numero.
435 3198 469 3206 -
489 3173 531 3221 22.
550 3167 652 3236 vigint1
669 3184 808 3221 numerus.

64 3229 322 3277 &—

61 3352 170 3442 Erit
185 3327 209 3406 1)
227 3326 375 3381 Animrms
393 3344 479 3381 unam
491 3330 602 3396 partem
615 3327 696 3397 ponit
709 3344 736 3396 oc,
756 3327 846 3381 altera
860 3344 926 3397 ergo
942 3331 985 3382 est
1005 3335 1037 3381 10
1048 3360 1080 3367 —
1090 3345 1118 3381 a.

62 3398 296 3523 ⁸¹³1aussiaeq1l¹⁶
321 3401 453 3523 goffia}
460 3398 975 3523 ili?i31ltilniiliiin²ia¹iia
987 3399 1126 3522 {iffi

300 3487 319 3538 g
455 3487 471 3524 a

55 3527 199 3608 Darat.
238 3557 316 3610 Haec
334 3560 378 3611 est
394 3575 463 3613 cc:
479 3563 495 3612 5
510 3559 546 3630 ss
561 3548 731 3634 γῖὁ-Ἃ,
748 3559 785 3615 id
802 3562 882 3615 est‘t
903 3558 957 3611 sel
971 3563 1005 3609 ‘a
