2340 3834
383 176 432 230 AD
450 176 639 232 EUCLIDEM
656 179 724 233 LIB.
739 178 784 233 VI.
1028 180 1093 245 189

104 331 139 387 lsi
155 356 203 417 9o3
225 345 254 400 et
277 343 350 420 quia
373 346 638 422 proportionalitas
667 349 796 406 laterum
820 350 1026 425 quantitatum
1049 354 1093 408 est

99 416 182 513 illum
200 431 300 509 prime,
324 454 383 510 que
406 438 452 493 θεῖ
475 436 522 509 hp,
547 439 577 493 et
596 437 700 511 quinte
720 440 772 512 pd,
797 442 826 497 et
844 440 942 515 tercie,
968 459 1025 514 que
1050 443 1093 497 θεῖ

94 512 187 578 εῑῖῑὶίΙΞε
206 521 347 581 adiuncta
370 524 409 581 ad
428 525 475 598 tp,
499 527 529 582 ct
548 530 663 600 quarte,
688 546 746 602 que
765 531 810 586 θεῖ
828 528 933 586 similis
952 529 1093 586 adiuncta

88 592 120 651 ad
141 607 191 684 du,
213 613 242 669 et
261 611 375 687 quinte,
395 631 454 688 que
473 618 518 672 est
537 614 641 672 similis
661 617 802 674 adiuncta
821 618 859 675 ad
879 619 929 692 bo,
953 619 983 691 θῖ
1002 620 1093 677 etiam

535 703 629 778 prime
650 706 689 779 ὑφ
708 710 738 764 θῖ
757 706 860 781 quinte
873 708 925 782 φά,
946 712 975 766 θῖ
992 710 1092 779 tercie,
1121 718 1133 758 5

537 813 596 867 que
620 796 665 851 θεῖ
693 793 797 853 similis
819 796 960 855 adiuncta
984 798 1023 855 ad
1046 800 1093 870 by,

538 886 568 940 et
586 885 676 957 sexte,
696 903 753 958 que
769 886 814 942 est
833 885 937 943 similis
952 887 1093 945 adiuncta

538 971 576 1028 ad
596 990 654 1044 pc:
679 971 812 1048 dicimus,
836 974 917 1048 quod
939 976 1092 1051 proportio

537 1060 645 1135 prime,
680 1081 737 1135 que
766 1065 810 1119 θεῖ
835 1063 889 1137 pb,
923 1065 962 1121 ad
989 1083 1092 1122 secun-

455 1171 461 1188 ‘
538 1150 615 1222 dam,
640 1169 697 1224 que
717 1152 761 1207 est
777 1152 830 1225 od,
855 1154 898 1209 θεῖ
923 1151 1000 1209 sicut
1023 1174 1091 1228 pro·
1107 1165 1132 1204 io

536 1239 635 1313 portio
672 1239 774 1314 tercie,
813 1259 870 1315 que
907 1242 951 1297 est
988 1242 1092 1299 similis

537 1327 678 1385 adiuncta
695 1328 733 1386 ad
748 1330 795 1403 tq,
815 1330 852 1387 ad
868 1332 1014 1404 quartam,
1035 1351 1091 1406 quc

537 1420 582 1474 est
610 1416 714 1475 similis
743 1418 884 1476 adiuncta
912 1418 950 1475 ad
978 1421 1034 1491 dc,
1063 1422 1093 1476 et

56 1493 171 1567 etiam
192 1509 346 1584 proportio
369 1509 464 1585 prime
483 1501 565 1584 <by>
584 1506 622 1562 ad
637 1508 683 1579 qd
702 1507 838 1581 quintam
859 1510 903 1565 θεῖ
925 1506 1002 1565 sicut
1025 1526 1091 1583 pro-

55 1592 176 1658 Pontio
200 1597 305 1656 similis
329 1598 467 1657 adiuncta
491 1594 529 1653 ad
553 1596 604 1667 by,
629 1615 686 1670 que
710 1599 755 1653 θεῖ
776 1596 881 1671 tercia,
905 1597 943 1653 ad
966 1596 1092 1654 similem
1108 1608 1132 1647 15

58 1677 251 1745 adiunctam
278 1688 317 1744 ad
340 1705 393 1763 op,
427 1705 485 1763 que
517 1686 562 1742 θεῖ
594 1687 683 1742 sexta.
736 1683 904 1744 Secundum
931 1685 963 1743 id
990 1685 1092 1763 igitur,

57 1773 160 1837 quod
182 1775 325 1851 precessit
347 1775 377 1833 in
396 1773 571 1851 probatione
589 1773 683 1849 figure
703 1774 839 1832 vicesima
860 1778 965 1850 quarte
990 1774 1093 1850 quinte

58 1860 185 1939 Partis
215 1863 272 1922 erit
298 1866 451 1941 proportio
479 1862 572 1940 prime
601 1862 638 1919 ad
666 1864 824 1921 secundam
856 1859 907 1941 <θῖ
936 1859 1093 1942 quintam>

61 1952 255 2010 coniunctas
283 1953 361 2012 sieut
387 1951 543 2030 proporcio
571 1951 662 2010 tercie
690 1953 728 2009 ad
756 1956 895 2028 quartam
923 1958 953 2012 θῖ
980 1956 1092 2012 sextam

61 2041 262 2100 Ooniunctas.
295 2042 409 2101 Deinde
427 2045 545 2102 redeam
565 2042 603 2098 ad
621 2041 842 2100 conversionem
861 2045 891 2099 et
910 2043 947 2099 ad
965 2041 1093 2119 figuram
1108 2053 1133 2092 2⁰

61 2129 251 2188 vicesimam
274 2134 414 2206 quartam
436 2132 540 2208 quinte
563 2129 665 2204 partis,
690 2130 801 2188 scilicet
826 2130 906 2204 quod
928 2130 1024 2206 prima
1048 2133 1093 2188 est

63 2227 122 2294 ea,
142 2237 235 2294 quam
253 2219 389 2296 diximus,
406 2223 457 2295 pb,
477 2224 506 2278 θῖ
524 2218 652 2276 secunda
672 2221 702 2275 et
721 2218 826 2293 quinta
845 2221 915 2276 sunt
934 2221 975 2277 bd
994 2220 1024 2275 θῖ
1042 2221 1092 2293 dp,

66 2311 108 2367 et
131 2307 226 2366 tercia
250 2309 421 2367 estsimilis
445 2310 585 2367 adiuncta
614 2306 652 2365 ad
675 2309 727 2380 by,
758 2310 788 2364 et
816 2310 923 2382 quarta
952 2309 981 2364 θῖ
1009 2310 1092 2365 sexta

67 2399 152 2454 sunt
180 2396 289 2454 similes
318 2398 456 2457 adiuncto
484 2399 522 2457 ad
545 2399 587 2454 bc
614 2398 644 2453 et
665 2414 721 2469 po:
750 2396 775 2453 si
803 2396 896 2473 igitur
923 2395 1019 2470 prima
1048 2398 1092 2453 est

68 2485 197 2561 equalis
226 2487 352 2544 secunde
380 2491 410 2546 et
438 2487 554 2563 quinte,
587 2485 679 2544 tercia
712 2488 757 2543 est
784 2485 898 2560 equalis
927 2488 1033 2560 quarte
1062 2488 1091 2543 et
1106 2494 1132 2534 25

68 2576 173 2649 sexte3
198 2578 228 2632 et
250 2575 327 2633 illud
350 2579 402 2651 est,
427 2577 507 2652 quod
530 2576 730 2633 demonstrare
753 2574 910 2633 voluimus.

151 2768 193 2818 20.
212 2762 329 2816 reddam
348 2764 377 2816 et
395 2762 583 2816 conversione.
