2340 3834
133 164 200 228 292
425 161 590 217 ANARITII
606 158 864 216 COMMENTARII

221 330 394 389 Describam
420 331 494 389 duos
522 347 674 404 numeros,
700 349 830 405 quorum
850 329 942 388 unius
963 329 996 387 in
1017 327 1049 387 al
1068 354 1080 380 ιι
1148 357 1170 381 ιι

131 420 286 497 proportio
322 438 383 477 non
418 419 458 478 sit
495 419 574 478 siout
604 419 758 495 proportio
789 418 906 477 numeri
936 417 1077 494 quadrati
1132 444 1138 467 π
1164 444 1170 468 ι

132 528 289 567 numerum
321 508 516 583 quadratum,
547 511 579 567 et
610 507 735 584 signabo
761 526 921 566 numerum
945 506 1084 584 toruum,
1136 527 1163 564 e

132 598 174 656 sit
201 598 355 673 proportio
381 597 470 656 unius
494 597 621 654 duorum
642 615 834 654 numerorum
855 595 896 654 ad
917 594 1047 655 altarum
1069 594 1161 654 sicu

107 688 288 762 ⁵proportio
317 686 457 761 quadrati
483 686 565 744 illius
591 685 669 742 linee
698 685 737 743 ad
763 685 888 743 terciam
914 684 1033 743 lineam
1077 683 1169 743 No

133 794 204 853 ergo
232 775 384 848 convenit,
411 778 446 834 ut
472 792 614 832 numerus
640 793 732 849 unus,
760 774 813 849 qui
840 774 993 852 signatur,
1019 773 1060 832 sit
1080 772 1158 848 qui

132 864 217 937 libet,
239 859 432 947 (quoniam),
454 867 616 940 postquam
637 867 707 938 post
729 862 858 920 duorum
880 881 1072 921 numerorum
1097 879 1169 938 po-

133 952 273 1012 sitionem
294 972 354 1010 non
373 951 500 1027 quilibet
517 951 629 1028 poterit
646 951 759 1028 signari
776 969 927 1026 numerus,
950 951 1001 1010 sed
1020 951 1165 1027 oportet,

134 1045 169 1100 ut
200 1043 271 1100 talis
303 1042 437 1119 signetur
467 1059 622 1113 numerus,
653 1040 740 1098 ouius
769 1040 953 1115 quadratum
979 1059 1048 1098 oum
1072 1031 1162 1115 <in>

95 1141 121 1180 1⁰
134 1149 229 1188 unum
252 1131 378 1190 duorum
395 1149 587 1188 numerorum
604 1129 696 1187 fuerit
712 1129 957 1205 multiplicatum,
980 1123 1054 1206 <et>
1071 1123 1158 1186 divi·

134 1219 224 1278 datur
250 1239 304 1294 per
330 1220 437 1292 alium,
467 1218 581 1276 soilioet
607 1221 642 1276 ut
668 1217 709 1276 sit
734 1218 767 1276 in
794 1236 828 1276 oo
856 1236 926 1293 pars
954 1217 1155 1277 denominans

135 1309 209 1367 duos
246 1325 393 1365 numeros.
447 1307 585 1382 Exempli
617 1325 708 1365 causa
738 1305 863 1383 signabo
895 1306 970 1366 duos
1001 1314 1153 1390 numeroS3

136 1416 264 1471 quorum
286 1394 439 1471 proportio
462 1415 522 1454 non
545 1396 586 1454 sit
607 1396 685 1454 siout
701 1395 855 1471 proportio
873 1395 991 1454 numeri
1008 1389 1153 1471 quadra¹2¹

136 1485 348 1543 adnumerum
367 1484 556 1559 quadratum,
579 1485 630 1558 qui
649 1484 710 1542 sint
728 1483 787 1542 duo
806 1486 836 1542 et
854 1487 923 1542 tres.
964 1483 1006 1542 llt
1023 1479 1153 1561 signabo

97 1583 122 1623 15
136 1593 229 1632 unum
261 1592 417 1631 numerum
450 1573 555 1646 alium,
588 1573 640 1647 qui
671 1573 711 1631 sit
743 1573 884 1648 quinque.
940 1572 1014 1632 Eius
1043 1573 1155 1644 itaque

137 1662 324 1737 quadratum,
348 1661 426 1736 quod
450 1666 496 1720 est
513 1661 622 1739 viginti
640 1662 780 1737 quinque,
803 1661 1012 1737 multiplicabo
1029 1663 1058 1719 in
1073 1662 1158 1717 trusa

137 1753 168 1807 et
189 1750 262 1808 fient
284 1750 477 1827 septuaginta
500 1751 642 1825 quinque.
682 1750 760 1808 Volo
783 1753 884 1808 autem
902 1750 1033 1809 dividere
1050 1750 1161 1824 ipsntl1

136 1858 191 1914 per
220 1839 278 1896 duo
307 1836 350 1913 [et
376 1837 463 1914 trial,
495 1840 548 1914 qui
576 1842 677 1897 autem
704 1858 764 1896 non
791 1838 936 1897 dividitur
962 1859 1016 1914 per
1041 1839 1165 1914 ipsun,

139 1926 279 2002 quoniam
310 1928 342 1985 in
370 1928 561 2005 septuaginta
589 1929 720 2003 quinque
749 1947 809 1986 non
836 1931 882 1986 est
908 1947 993 2003 pars,
1025 1946 1076 2003 que
1097 1911 1166 1979 sit

99 2028 126 2066 2⁰
139 2015 291 2075 medietas.
336 2016 543 2092 Multiplioabo
566 2017 658 2075 etiam
679 2016 788 2092 viginti
811 2016 944 2092 quinque
967 2016 1000 2074 in
1022 2017 1085 2087 duo,
1105 2000 1167 2064 gt

138 2105 211 2164 fient
239 2105 470 2183 quinquaginta,
498 2125 588 2180 quem
615 2104 776 2164 dividerem
798 2124 852 2180 per
872 2109 947 2180 tres,
976 2106 1002 2164 si
1024 2110 1161 2180 possein

139 2195 197 2253 Sed
224 2213 285 2252 uon
313 2194 456 2253 dividitur
482 2213 535 2269 per
561 2195 672 2269 ipsum,
703 2194 844 2268 quoniam
871 2194 903 2252 in
930 2188 1157 2270 quinquaginbf

139 2302 198 2341 non
226 2288 272 2342 est
298 2302 367 2358 pars
394 2284 496 2342 tercia.
543 2281 679 2357 Quinque
706 2301 776 2359 ergo
804 2301 863 2340 non
887 2287 933 2341 est
955 2302 990 2341 ex
1012 2275 1150 2341 numerifl

140 2374 193 2447 qui
220 2373 252 2428 in
278 2372 334 2430 hac
361 2372 457 2448 figura
483 2372 577 2430 tercia
602 2371 771 2448 signantur,
800 2374 830 2430 et
852 2372 904 2446 qui
927 2391 963 2430 ex
986 2372 1027 2431 eis
1049 2368 1109 2430 sunt

1 2461 2 2500 Τ
100 2459 261 2518 assimiles.
302 2460 460 2518 Assumam
483 2479 554 2537 orgo
577 2461 642 2519 looo
665 2462 795 2535 quinqua
815 2478 874 2533 sex,
897 2464 928 2519 et
945 2450 1135 2536 multipliotb

138 2547 265 2624 triginta
288 2565 339 2606 sex
360 2550 392 2605 in
415 2549 482 2623 duo,
505 2553 536 2608 ot
556 2550 732 2624 provenient
750 2551 942 2626 septuaginta
960 2549 1027 2608 duo.
1065 2542 1130 2606 DiV

140 2635 210 2693 dam
241 2636 334 2712 igitur
366 2656 432 2694 eum
458 2657 512 2713 per
537 2640 613 2711 tres,
644 2639 782 2713 provenit
809 2657 844 2696 ex
871 2638 1017 2697 divisione
1043 2632 1122 2712 vigin

140 2726 277 2800 quatuor.
319 2725 526 2802 Multiplioabo
549 2727 641 2785 etiam
662 2726 789 2804 triginta
811 2745 862 2785 sex
884 2727 916 2784 in
938 2731 1010 2804 tres,
1033 2731 1061 2786 et
1076 2720 1113 2779 fie

141 2815 260 2872 eentum
288 2817 318 2873 et
341 2817 420 2889 octo,
449 2835 537 2890 quem
558 2834 612 2891 per
633 2815 692 2873 duo
715 2815 859 2889 dividam,
887 2818 917 2874 et
939 2813 1090 2891 proveniet

101 2913 128 2954 so
142 2901 287 2960 divisione
314 2902 532 2980 quinquaginta
564 2907 705 2979 quatuor:
737 2923 806 2981 ergo
839 2923 889 2962 sex
922 2902 1011 2984 (est)
1038 2925 1072 2964 ex
1097 2912 1103 2949 l

141 2991 240 3064 meris,
263 2991 314 3067 qui
341 2993 372 3049 in
399 2992 455 3051 hoo
481 2995 624 3051 notantur
651 2993 791 3068 capitulo.
837 2993 877 3052 Et
904 2993 1043 3053 similiter
1066 3003 1096 3050 er

141 3098 242 3155 parea,
273 3083 433 3156 postquam
465 3084 535 3140 sunt
566 3076 645 3159 (ex)
677 3081 798 3157 paribus
828 3082 891 3161 ¹duo
919 3085 1035 3142 numeri
1061 3094 1089 3158 p⁴

143 3171 173 3227 ot
196 3167 267 3226 dati.

231 3255 362 3334 Signabo
390 3260 420 3315 et
447 3258 500 3317 hos
528 3258 603 3318 duos
630 3278 767 3318 numeros
795 3259 976 3336 infigura
1000 3261 1076 3335 sept

208 3467 252 3519 10.
271 3460 489 3536 multiplicatio.
513 3494 547 3505 -
570 3469 615 3518 is.
633 3463 684 3531 qui
699 3465 812 3532 auteml
823 3464 901 3530 quod
918 3467 1036 3519 tantum.
1054 3495 1060 3502 ·

122 3537 196 3592 sunt
212 3537 337 3610 paribus
357 3541 520 3612 postquam
539 3535 607 3591 uuo.
