<?xml version="1.0" encoding="UTF-8"?>
<!DOCTYPE html PUBLIC "-//W3C//DTD XHTML 1.0 Transitional//EN"
    "http://www.w3.org/TR/xhtml1/DTD/xhtml1-transitional.dtd">
<html xmlns="http://www.w3.org/1999/xhtml" xml:lang="en" lang="en">
 <head>
  <title>
</title>
<meta http-equiv="Content-Type" content="text/html;charset=utf-8" />
  <meta name='ocr-system' content='tesseract 3.04.00' />
  <meta name='ocr-capabilities' content='ocr_page ocr_carea ocr_par ocr_line ocrx_word'/>
</head>
<body>
  <div class='ocr_page' id='page_1' title='image "./euclidisoperaom14unkngoog_0059.png"; bbox 0 0 2340 3834; ppageno 0'>
   <div class='ocr_carea' id='block_1_1' title="bbox 96 191 819 258">
    <p class='ocr_par' dir='ltr' id='par_1_1' title="bbox 96 191 819 258">
     <span class='ocr_line' id='line_1_1' title="bbox 96 191 819 258; baseline 0 -12"><span class='ocrx_word' id='word_1_1' title='bbox 96 193 139 258; x_wconf 81' lang='grc'>22</span> <span class='ocrx_word' id='word_1_2' title='bbox 380 191 545 246; x_wconf 83' lang='lat' dir='ltr'><strong>ANARITII</strong></span> <span class='ocrx_word' id='word_1_3' title='bbox 563 191 819 247; x_wconf 80' lang='lat' dir='ltr'><strong>COMMENTARH</strong></span> 
     </span>
    </p>
   </div>
   <div class='ocr_carea' id='block_1_2' title="bbox 58 359 1110 3098">
    <p class='ocr_par' dir='ltr' id='par_1_2' title="bbox 97 359 1105 527">
     <span class='ocr_line' id='line_1_2' title="bbox 97 359 1105 437; baseline -0.001 -18"><span class='ocrx_word' id='word_1_4' title='bbox 97 362 241 437; x_wconf 87' lang='lat' dir='ltr'>prehensa</span> <span class='ocrx_word' id='word_1_5' title='bbox 264 359 379 419; x_wconf 82' lang='lat' dir='ltr'>alinea</span> <span class='ocrx_word' id='word_1_6' title='bbox 403 359 566 435; x_wconf 86' lang='lat' dir='ltr'>composita</span> <span class='ocrx_word' id='word_1_7' title='bbox 589 380 624 419; x_wconf 84' lang='lat' dir='ltr'>ex</span> <span class='ocrx_word' id='word_1_8' title='bbox 646 363 728 419; x_wconf 87' lang='lat' dir='ltr'>recta</span> <span class='ocrx_word' id='word_1_9' title='bbox 747 363 777 419; x_wconf 88' lang='lat' dir='ltr'>et</span> <span class='ocrx_word' id='word_1_10' title='bbox 796 361 978 434; x_wconf 84' lang='lat' dir='ltr'>circonflexa‚</span> <span class='ocrx_word' id='word_1_11' title='bbox 1001 379 1105 420; x_wconf 88' lang='lat' dir='ltr'>verum</span> 
     </span>
     <span class='ocr_line' id='line_1_3' title="bbox 97 448 974 527; baseline -0.001 -20"><span class='ocrx_word' id='word_1_12' title='bbox 97 453 153 524; x_wconf 80' lang='lat' dir='ltr'>est3</span> <span class='ocrx_word' id='word_1_13' title='bbox 178 449 219 508; x_wconf 91' lang='lat' dir='ltr'>sic</span> <span class='ocrx_word' id='word_1_14' title='bbox 242 449 322 508; x_wconf 87' lang='lat' dir='ltr'>enim</span> <span class='ocrx_word' id='word_1_15' title='bbox 343 448 485 508; x_wconf 85' lang='lat' dir='ltr'>diffinivit</span> <span class='ocrx_word' id='word_1_16' title='bbox 507 468 573 508; x_wconf 87' lang='lat' dir='ltr'>eam</span> <span class='ocrx_word' id='word_1_17' title='bbox 594 451 663 524; x_wconf 90' lang='lat' dir='ltr'>post</span> <span class='ocrx_word' id='word_1_18' title='bbox 685 449 831 525; x_wconf 83' lang='lat' dir='ltr'>simplices</span> <span class='ocrx_word' id='word_1_19' title='bbox 855 448 974 527; x_wconf 80' lang='lat' dir='ltr'>figuras.</span> 
     </span>
    </p>

    <p class='ocr_par' dir='ltr' id='par_1_3' title="bbox 96 537 1106 701">
     <span class='ocr_line' id='line_1_4' title="bbox 162 537 1105 611; baseline 0.003 -16"><span class='ocrx_word' id='word_1_20' title='bbox 162 537 246 596; x_wconf 84' lang='lat' dir='ltr'>Dixit</span> <span class='ocrx_word' id='word_1_21' title='bbox 268 538 441 597; x_wconf 78' lang='lat' dir='ltr'>Euoumus:</span> <span class='ocrx_word' id='word_1_22' title='bbox 463 538 575 611; x_wconf 73' lang='lat' dir='ltr'>Fc‘yare</span> <span class='ocrx_word' id='word_1_23' title='bbox 596 543 741 597; x_wconf 79' lang='lat' dir='ltr'>roctarara</span> <span class='ocrx_word' id='word_1_24' title='bbox 763 539 908 597; x_wconf 82' lang='lat' dir='ltr'>liacaram</span> <span class='ocrx_word' id='word_1_25' title='bbox 930 541 1006 606; x_wconf 75' lang='lat' dir='ltr'>saal,</span> <span class='ocrx_word' id='word_1_26' title='bbox 1030 555 1105 611; x_wconf 79' lang='lat' dir='ltr'>qaas</span> 
     </span>
     <span class='ocr_line' id='line_1_5' title="bbox 96 626 1106 701; baseline 0.002 -17"><span class='ocrx_word' id='word_1_27' title='bbox 96 632 169 686; x_wconf 80' lang='lat' dir='ltr'>recte</span> <span class='ocrx_word' id='word_1_28' title='bbox 196 627 436 700; x_wconf 74' lang='lat' dir='ltr'>comprehendant</span> <span class='ocrx_word' id='word_1_29' title='bbox 458 628 538 685; x_wconf 80' lang='lat' dir='ltr'>liare.</span> <span class='ocrx_word' id='word_1_30' title='bbox 579 626 636 686; x_wconf 79' lang='lat' dir='ltr'>Sed</span> <span class='ocrx_word' id='word_1_31' title='bbox 658 629 790 686; x_wconf 77' lang='lat' dir='ltr'>trilatera</span> <span class='ocrx_word' id='word_1_32' title='bbox 811 629 910 701; x_wconf 65' lang='lat' dir='ltr'>ficara</span> <span class='ocrx_word' id='word_1_33' title='bbox 934 630 986 694; x_wconf 85' lang='lat' dir='ltr'>est,</span> <span class='ocrx_word' id='word_1_34' title='bbox 1015 644 1106 700; x_wconf 75' lang='lat' dir='ltr'>qaam</span> 
     </span>
    </p>

    <p class='ocr_par' dir='ltr' id='par_1_4' title="bbox 71 710 1107 974">
     <span class='ocr_line' id='line_1_6' title="bbox 71 710 1107 794; baseline 0 -20"><span class='ocrx_word' id='word_1_35' title='bbox 71 719 154 775; x_wconf 67' lang='lat' dir='ltr'>caes</span> <span class='ocrx_word' id='word_1_36' title='bbox 188 717 428 788; x_wconf 80' lang='lat' dir='ltr'>compreteadaat</span> <span class='ocrx_word' id='word_1_37' title='bbox 459 716 531 774; x_wconf 76' lang='lat' dir='ltr'>liaeo</span> <span class='ocrx_word' id='word_1_38' title='bbox 562 710 691 794; x_wconf 80' lang='lat' dir='ltr'>&lt;recte&gt;:</span> <span class='ocrx_word' id='word_1_39' title='bbox 721 720 747 774; x_wconf 84' lang='lat' dir='ltr'>et</span> <span class='ocrx_word' id='word_1_40' title='bbox 773 717 985 789; x_wconf 76' lang='lat' dir='ltr'><strong><em>quadrilatera,</em></strong></span> <span class='ocrx_word' id='word_1_41' title='bbox 1016 733 1107 789; x_wconf 75' lang='lat' dir='ltr'>qaam</span> 
     </span>
     <span class='ocr_line' id='line_1_7' title="bbox 97 805 1107 879; baseline 0.001 -16"><span class='ocrx_word' id='word_1_42' title='bbox 97 809 220 878; x_wconf 74' lang='lat' dir='ltr'>aaataor</span> <span class='ocrx_word' id='word_1_43' title='bbox 247 805 487 879; x_wconf 67' lang='lat' dir='ltr'>comprehendam</span> <span class='ocrx_word' id='word_1_44' title='bbox 513 806 585 863; x_wconf 79' lang='lat' dir='ltr'>llaec</span> <span class='ocrx_word' id='word_1_45' title='bbox 607 809 696 876; x_wconf 63' lang='lat' dir='ltr'>recta*</span> <span class='ocrx_word' id='word_1_46' title='bbox 724 808 750 862; x_wconf 88' lang='lat' dir='ltr'>et</span> <span class='ocrx_word' id='word_1_47' title='bbox 766 806 859 878; x_wconf 81' lang='lat' dir='ltr'>plara</span> <span class='ocrx_word' id='word_1_48' title='bbox 881 806 988 863; x_wconf 77' lang='lat' dir='ltr'>labeas</span> <span class='ocrx_word' id='word_1_49' title='bbox 1011 805 1107 864; x_wconf 82' lang='lat' dir='ltr'>latera</span> 
     </span>
     <span class='ocr_line' id='line_1_8' title="bbox 98 894 998 974; baseline -0.001 -23"><span class='ocrx_word' id='word_1_50' title='bbox 98 897 145 962; x_wconf 82' lang='lat' dir='ltr'>cst,</span> <span class='ocrx_word' id='word_1_51' title='bbox 169 911 256 966; x_wconf 76' lang='lat' dir='ltr'>qaam</span> <span class='ocrx_word' id='word_1_52' title='bbox 273 895 376 967; x_wconf 83' lang='lat' dir='ltr'>plares</span> <span class='ocrx_word' id='word_1_53' title='bbox 399 911 486 966; x_wconf 77' lang='lat' dir='ltr'>qaam</span> <span class='ocrx_word' id='word_1_54' title='bbox 509 897 632 966; x_wconf 80' lang='lat' dir='ltr'>qaataor</span> <span class='ocrx_word' id='word_1_55' title='bbox 655 894 895 965; x_wconf 78' lang='lat' dir='ltr'>compreteaaract</span> <span class='ocrx_word' id='word_1_56' title='bbox 918 895 998 974; x_wconf 77' lang='lat' dir='ltr'>laec.</span> 
     </span>
    </p>

    <p class='ocr_par' dir='ltr' id='par_1_5' title="bbox 97 980 1107 1146">
     <span class='ocr_line' id='line_1_9' title="bbox 164 980 1107 1056; baseline 0 -18"><span class='ocrx_word' id='word_1_57' title='bbox 164 981 260 1056; x_wconf 83' lang='lat' dir='ltr'>Supra</span> <span class='ocrx_word' id='word_1_58' title='bbox 291 982 346 1040; x_wconf 89' lang='lat' dir='ltr'>hoc</span> <span class='ocrx_word' id='word_1_59' title='bbox 378 981 620 1040; x_wconf 68' lang='lat' dir='ltr'>Slrmuurcmus:</span> <span class='ocrx_word' id='word_1_60' title='bbox 658 982 824 1056; x_wconf 85' lang='lat' dir='ltr'>Postquam</span> <span class='ocrx_word' id='word_1_61' title='bbox 854 982 1013 1040; x_wconf 78' lang='lat' dir='ltr'>Eucmuus</span> <span class='ocrx_word' id='word_1_62' title='bbox 1047 980 1107 1039; x_wconf 88' lang='lat' dir='ltr'>fuit</span> 
     </span>
     <span class='ocr_line' id='line_1_10' title="bbox 97 1069 1106 1146; baseline 0.001 -19"><span class='ocrx_word' id='word_1_63' title='bbox 97 1070 212 1128; x_wconf 89' lang='lat' dir='ltr'>locutus</span> <span class='ocrx_word' id='word_1_64' title='bbox 241 1070 276 1128; x_wconf 81' lang='lat' dir='ltr'>de</span> <span class='ocrx_word' id='word_1_65' title='bbox 305 1069 478 1145; x_wconf 77' lang='lat' dir='ltr'>simpliciori</span> <span class='ocrx_word' id='word_1_66' title='bbox 504 1069 613 1146; x_wconf 81' lang='lat' dir='ltr'>figura,</span> <span class='ocrx_word' id='word_1_67' title='bbox 642 1073 773 1146; x_wconf 82' lang='lat' dir='ltr'>quaest,</span> <span class='ocrx_word' id='word_1_68' title='bbox 796 1089 888 1146; x_wconf 84' lang='lat' dir='ltr'>quam</span> <span class='ocrx_word' id='word_1_69' title='bbox 910 1089 969 1127; x_wconf 89' lang='lat' dir='ltr'>una</span> <span class='ocrx_word' id='word_1_70' title='bbox 993 1069 1106 1129; x_wconf 89' lang='lat' dir='ltr'>circon-</span> 
     </span>
    </p>

    <p class='ocr_par' dir='ltr' id='par_1_6' title="bbox 58 1158 1109 1590">
     <span class='ocr_line' id='line_1_11' title="bbox 58 1158 1106 1235; baseline 0.001 -20"><span class='ocrx_word' id='word_1_71' title='bbox 58 1172 84 1210; x_wconf 84' lang='lat'>10</span> <span class='ocrx_word' id='word_1_72' title='bbox 97 1158 172 1217; x_wconf 87' lang='lat' dir='ltr'>flexa</span> <span class='ocrx_word' id='word_1_73' title='bbox 191 1159 411 1234; x_wconf 87' lang='lat' dir='ltr'>comprehendit</span> <span class='ocrx_word' id='word_1_74' title='bbox 429 1159 516 1233; x_wconf 82' lang='lat' dir='ltr'>linea,</span> <span class='ocrx_word' id='word_1_75' title='bbox 536 1178 594 1234; x_wconf 86' lang='lat' dir='ltr'>quc</span> <span class='ocrx_word' id='word_1_76' title='bbox 613 1162 658 1218; x_wconf 87' lang='lat' dir='ltr'>est</span> <span class='ocrx_word' id='word_1_77' title='bbox 677 1159 802 1233; x_wconf 82' lang='lat' dir='ltr'>simplex</span> <span class='ocrx_word' id='word_1_78' title='bbox 819 1177 887 1234; x_wconf 80' lang='lat' dir='ltr'>una,</span> <span class='ocrx_word' id='word_1_79' title='bbox 906 1161 936 1217; x_wconf 85' lang='lat' dir='ltr'>et</span> <span class='ocrx_word' id='word_1_80' title='bbox 950 1159 985 1216; x_wconf 90' lang='lat' dir='ltr'>de</span> <span class='ocrx_word' id='word_1_81' title='bbox 999 1159 1106 1235; x_wconf 80' lang='lat' dir='ltr'>figura,</span> 
     </span>
     <span class='ocr_line' id='line_1_12' title="bbox 98 1247 1107 1323; baseline 0.002 -18"><span class='ocrx_word' id='word_1_82' title='bbox 98 1267 188 1323; x_wconf 90' lang='lat' dir='ltr'>quam</span> <span class='ocrx_word' id='word_1_83' title='bbox 211 1247 462 1322; x_wconf 87' lang='lat' dir='ltr'>comprehendunt</span> <span class='ocrx_word' id='word_1_84' title='bbox 483 1248 563 1305; x_wconf 89' lang='lat' dir='ltr'>linea</span> <span class='ocrx_word' id='word_1_85' title='bbox 585 1251 667 1306; x_wconf 87' lang='lat' dir='ltr'>recta</span> <span class='ocrx_word' id='word_1_86' title='bbox 685 1250 715 1307; x_wconf 86' lang='lat' dir='ltr'>et</span> <span class='ocrx_word' id='word_1_87' title='bbox 733 1247 813 1306; x_wconf 85' lang='lat' dir='ltr'>linea</span> <span class='ocrx_word' id='word_1_88' title='bbox 832 1247 1015 1321; x_wconf 83' lang='lat' dir='ltr'>circonflexa,</span> <span class='ocrx_word' id='word_1_89' title='bbox 1038 1266 1107 1322; x_wconf 91' lang='lat' dir='ltr'>pro·</span> 
     </span>
     <span class='ocr_line' id='line_1_13' title="bbox 98 1335 1108 1413; baseline -0.001 -18"><span class='ocrx_word' id='word_1_90' title='bbox 98 1337 186 1396; x_wconf 89' lang='lat' dir='ltr'>cessit</span> <span class='ocrx_word' id='word_1_91' title='bbox 218 1337 256 1394; x_wconf 86' lang='lat' dir='ltr'>ad</span> <span class='ocrx_word' id='word_1_92' title='bbox 286 1336 396 1413; x_wconf 85' lang='lat' dir='ltr'>figuras</span> <span class='ocrx_word' id='word_1_93' title='bbox 428 1336 610 1412; x_wconf 82' lang='lat' dir='ltr'>rectilineas,</span> <span class='ocrx_word' id='word_1_94' title='bbox 638 1339 668 1394; x_wconf 92' lang='lat' dir='ltr'>et</span> <span class='ocrx_word' id='word_1_95' title='bbox 694 1335 800 1411; x_wconf 91' lang='lat' dir='ltr'>incipit</span> <span class='ocrx_word' id='word_1_96' title='bbox 827 1355 845 1394; x_wconf 89' lang='lat' dir='ltr'>a</span> <span class='ocrx_word' id='word_1_97' title='bbox 872 1335 981 1412; x_wconf 81' lang='lat' dir='ltr'>figura,</span> <span class='ocrx_word' id='word_1_98' title='bbox 1015 1355 1108 1411; x_wconf 87' lang='lat' dir='ltr'>quam</span> 
     </span>
     <span class='ocr_line' id='line_1_14' title="bbox 97 1424 1109 1500; baseline 0 -16"><span class='ocrx_word' id='word_1_99' title='bbox 97 1425 157 1484; x_wconf 84' lang='lat' dir='ltr'>tria</span> <span class='ocrx_word' id='word_1_100' title='bbox 176 1425 329 1484; x_wconf 85' lang='lat' dir='ltr'>continent</span> <span class='ocrx_word' id='word_1_101' title='bbox 346 1425 449 1483; x_wconf 85' lang='lat' dir='ltr'>latera.</span> <span class='ocrx_word' id='word_1_102' title='bbox 490 1425 526 1482; x_wconf 88' lang='lat' dir='ltr'>Id</span> <span class='ocrx_word' id='word_1_103' title='bbox 545 1428 599 1500; x_wconf 83' lang='lat' dir='ltr'>est,</span> <span class='ocrx_word' id='word_1_104' title='bbox 623 1424 703 1500; x_wconf 82' lang='lat' dir='ltr'>quod</span> <span class='ocrx_word' id='word_1_105' title='bbox 721 1425 866 1483; x_wconf 89' lang='lat' dir='ltr'>circulum</span> <span class='ocrx_word' id='word_1_106' title='bbox 884 1425 1109 1499; x_wconf 84' lang='lat' dir='ltr'>comprehendit</span> 
     </span>
     <span class='ocr_line' id='line_1_15' title="bbox 98 1512 1108 1590; baseline 0.003 -19"><span class='ocrx_word' id='word_1_107' title='bbox 98 1534 157 1571; x_wconf 90' lang='lat' dir='ltr'>una</span> <span class='ocrx_word' id='word_1_108' title='bbox 193 1514 284 1588; x_wconf 78' lang='lat' dir='ltr'>linea,</span> <span class='ocrx_word' id='word_1_109' title='bbox 322 1516 352 1572; x_wconf 88' lang='lat' dir='ltr'>et</span> <span class='ocrx_word' id='word_1_110' title='bbox 388 1512 604 1572; x_wconf 79' lang='lat' dir='ltr'>semicirculum</span> <span class='ocrx_word' id='word_1_111' title='bbox 641 1514 894 1589; x_wconf 88' lang='lat' dir='ltr'>comprehendunt</span> <span class='ocrx_word' id='word_1_112' title='bbox 930 1513 987 1571; x_wconf 87' lang='lat' dir='ltr'>due</span> <span class='ocrx_word' id='word_1_113' title='bbox 1019 1513 1108 1590; x_wconf 85' lang='lat' dir='ltr'>linco,</span> 
     </span>
    </p>

    <p class='ocr_par' dir='ltr' id='par_1_7' title="bbox 60 1601 1110 2032">
     <span class='ocr_line' id='line_1_16' title="bbox 60 1601 1109 1679; baseline 0.003 -20"><span class='ocrx_word' id='word_1_114' title='bbox 60 1613 85 1653; x_wconf 79' lang='lat'>1⁵</span> <span class='ocrx_word' id='word_1_115' title='bbox 98 1602 223 1679; x_wconf 85' lang='lat' dir='ltr'>figuram</span> <span class='ocrx_word' id='word_1_116' title='bbox 250 1620 333 1676; x_wconf 84' lang='lat' dir='ltr'>vero,</span> <span class='ocrx_word' id='word_1_117' title='bbox 361 1601 444 1660; x_wconf 89' lang='lat' dir='ltr'>cuius</span> <span class='ocrx_word' id='word_1_118' title='bbox 469 1602 565 1660; x_wconf 86' lang='lat' dir='ltr'>latera</span> <span class='ocrx_word' id='word_1_119' title='bbox 588 1605 659 1660; x_wconf 87' lang='lat' dir='ltr'>sunt</span> <span class='ocrx_word' id='word_1_120' title='bbox 681 1605 774 1677; x_wconf 81' lang='lat' dir='ltr'>recta,</span> <span class='ocrx_word' id='word_1_121' title='bbox 802 1621 862 1661; x_wconf 85' lang='lat' dir='ltr'>non</span> <span class='ocrx_word' id='word_1_122' title='bbox 885 1601 1109 1677; x_wconf 84' lang='lat' dir='ltr'>comprehendit</span> 
     </span>
     <span class='ocr_line' id='line_1_17' title="bbox 97 1682 1108 1771; baseline 0.001 -23"><span class='ocrx_word' id='word_1_123' title='bbox 97 1709 158 1748; x_wconf 85' lang='lat' dir='ltr'>una</span> <span class='ocrx_word' id='word_1_124' title='bbox 185 1690 264 1748; x_wconf 87' lang='lat' dir='ltr'>linea</span> <span class='ocrx_word' id='word_1_125' title='bbox 291 1693 422 1765; x_wconf 84' lang='lat' dir='ltr'>tantum,</span> <span class='ocrx_word' id='word_1_126' title='bbox 450 1711 546 1766; x_wconf 85' lang='lat' dir='ltr'>neque</span> <span class='ocrx_word' id='word_1_127' title='bbox 569 1691 624 1748; x_wconf 89' lang='lat' dir='ltr'>due</span> <span class='ocrx_word' id='word_1_128' title='bbox 648 1682 802 1771; x_wconf 75' lang='lat' dir='ltr'>tantum.²)</span> <span class='ocrx_word' id='word_1_129' title='bbox 850 1689 1003 1759; x_wconf 82' lang='lat' dir='ltr'>Quomodo</span> <span class='ocrx_word' id='word_1_130' title='bbox 1027 1691 1108 1749; x_wconf 92' lang='lat' dir='ltr'>enim</span> 
     </span>
     <span class='ocr_line' id='line_1_18' title="bbox 98 1779 1109 1854; baseline 0.002 -18"><span class='ocrx_word' id='word_1_131' title='bbox 98 1781 197 1854; x_wconf 90' lang='lat' dir='ltr'>potest</span> <span class='ocrx_word' id='word_1_132' title='bbox 219 1796 289 1854; x_wconf 83' lang='lat' dir='ltr'>esse,</span> <span class='ocrx_word' id='word_1_133' title='bbox 312 1781 348 1836; x_wconf 87' lang='lat' dir='ltr'>ut</span> <span class='ocrx_word' id='word_1_134' title='bbox 370 1799 430 1837; x_wconf 87' lang='lat' dir='ltr'>una</span> <span class='ocrx_word' id='word_1_135' title='bbox 452 1779 532 1837; x_wconf 87' lang='lat' dir='ltr'>linea</span> <span class='ocrx_word' id='word_1_136' title='bbox 554 1782 635 1837; x_wconf 88' lang='lat' dir='ltr'>recta</span> <span class='ocrx_word' id='word_1_137' title='bbox 658 1780 885 1854; x_wconf 89' lang='lat' dir='ltr'>comprehendat</span> <span class='ocrx_word' id='word_1_138' title='bbox 907 1780 1011 1854; x_wconf 80' lang='lat' dir='ltr'>ipsam,</span> <span class='ocrx_word' id='word_1_139' title='bbox 1039 1798 1109 1838; x_wconf 88' lang='lat' dir='ltr'>cum</span> 
     </span>
     <span class='ocr_line' id='line_1_19' title="bbox 98 1864 1108 1946; baseline 0.001 -22"><span class='ocrx_word' id='word_1_140' title='bbox 98 1867 164 1942; x_wconf 87' lang='lat' dir='ltr'>ipsa</span> <span class='ocrx_word' id='word_1_141' title='bbox 186 1867 217 1924; x_wconf 86' lang='lat' dir='ltr'>in</span> <span class='ocrx_word' id='word_1_142' title='bbox 239 1866 415 1925; x_wconf 75' lang='lat' dir='ltr'>rectitudine</span> <span class='ocrx_word' id='word_1_143' title='bbox 438 1868 552 1926; x_wconf 90' lang='lat' dir='ltr'>nullam</span> <span class='ocrx_word' id='word_1_144' title='bbox 575 1864 662 1946; x_wconf 79' lang='lat' dir='ltr'>&lt;est&gt;</span> <span class='ocrx_word' id='word_1_145' title='bbox 685 1868 717 1926; x_wconf 87' lang='lat' dir='ltr'>in</span> <span class='ocrx_word' id='word_1_146' title='bbox 740 1887 770 1927; x_wconf 90' lang='lat' dir='ltr'>se</span> <span class='ocrx_word' id='word_1_147' title='bbox 788 1868 899 1926; x_wconf 86' lang='lat' dir='ltr'>habens</span> <span class='ocrx_word' id='word_1_148' title='bbox 919 1867 1108 1943; x_wconf 74' lang='lat' dir='ltr'>curvitatem,</span> 
     </span>
     <span class='ocr_line' id='line_1_20' title="bbox 98 1953 1110 2032; baseline 0.003 -20"><span class='ocrx_word' id='word_1_149' title='bbox 98 1975 194 2030; x_wconf 85' lang='lat' dir='ltr'>neque</span> <span class='ocrx_word' id='word_1_150' title='bbox 229 1953 261 2012; x_wconf 88' lang='lat' dir='ltr'>in</span> <span class='ocrx_word' id='word_1_151' title='bbox 296 1954 356 2014; x_wconf 90' lang='lat' dir='ltr'>suis</span> <span class='ocrx_word' id='word_1_152' title='bbox 392 1955 542 2030; x_wconf 77' lang='lat' dir='ltr'>partibuS,</span> <span class='ocrx_word' id='word_1_153' title='bbox 578 1975 673 2031; x_wconf 90' lang='lat' dir='ltr'>neque</span> <span class='ocrx_word' id='word_1_154' title='bbox 710 1957 938 2032; x_wconf 87' lang='lat' dir='ltr'>comprehendat</span> <span class='ocrx_word' id='word_1_155' title='bbox 971 1955 1110 2032; x_wconf 82' lang='lat' dir='ltr'>aliquid?</span> 
     </span>
    </p>

    <p class='ocr_par' dir='ltr' id='par_1_8' title="bbox 60 2044 1110 2475">
     <span class='ocr_line' id='line_1_21' title="bbox 60 2044 1108 2121; baseline 0.002 -19"><span class='ocrx_word' id='word_1_156' title='bbox 60 2056 86 2095; x_wconf 79' lang='lat'>20</span> <span class='ocrx_word' id='word_1_157' title='bbox 99 2044 291 2102; x_wconf 85' lang='lat' dir='ltr'>Manifestum</span> <span class='ocrx_word' id='word_1_158' title='bbox 318 2047 363 2103; x_wconf 87' lang='lat' dir='ltr'>est</span> <span class='ocrx_word' id='word_1_159' title='bbox 390 2064 459 2121; x_wconf 88' lang='lat' dir='ltr'>ergo</span> <span class='ocrx_word' id='word_1_160' title='bbox 486 2045 541 2102; x_wconf 92' lang='lat' dir='ltr'>hoc</span> <span class='ocrx_word' id='word_1_161' title='bbox 567 2044 599 2102; x_wconf 88' lang='lat' dir='ltr'>in</span> <span class='ocrx_word' id='word_1_162' title='bbox 624 2065 684 2103; x_wconf 90' lang='lat' dir='ltr'>una</span> <span class='ocrx_word' id='word_1_163' title='bbox 706 2049 788 2104; x_wconf 83' lang='lat' dir='ltr'>recta</span> <span class='ocrx_word' id='word_1_164' title='bbox 810 2045 897 2103; x_wconf 86' lang='lat' dir='ltr'>linea.</span> <span class='ocrx_word' id='word_1_165' title='bbox 944 2044 1002 2103; x_wconf 82' lang='lat' dir='ltr'>Sed</span> <span class='ocrx_word' id='word_1_166' title='bbox 1026 2046 1108 2120; x_wconf 86' lang='lat' dir='ltr'>quod</span> 
     </span>
     <span class='ocr_line' id='line_1_22' title="bbox 99 2132 1110 2209; baseline 0.002 -19"><span class='ocrx_word' id='word_1_167' title='bbox 99 2132 156 2191; x_wconf 88' lang='lat' dir='ltr'>due</span> <span class='ocrx_word' id='word_1_168' title='bbox 183 2136 261 2191; x_wconf 89' lang='lat' dir='ltr'>recte</span> <span class='ocrx_word' id='word_1_169' title='bbox 288 2133 365 2191; x_wconf 82' lang='lat' dir='ltr'>lineo</span> <span class='ocrx_word' id='word_1_170' title='bbox 392 2152 451 2190; x_wconf 89' lang='lat' dir='ltr'>non</span> <span class='ocrx_word' id='word_1_171' title='bbox 479 2133 730 2208; x_wconf 86' lang='lat' dir='ltr'>comprehendunt</span> <span class='ocrx_word' id='word_1_172' title='bbox 759 2133 955 2209; x_wconf 86' lang='lat' dir='ltr'>superficiem,</span> <span class='ocrx_word' id='word_1_173' title='bbox 982 2133 1038 2192; x_wconf 94' lang='lat' dir='ltr'>hoc</span> <span class='ocrx_word' id='word_1_174' title='bbox 1062 2139 1110 2194; x_wconf 86' lang='lat' dir='ltr'>est</span> 
     </span>
     <span class='ocr_line' id='line_1_23' title="bbox 99 2221 1108 2300; baseline 0.004 -21"><span class='ocrx_word' id='word_1_175' title='bbox 99 2241 192 2279; x_wconf 88' lang='lat' dir='ltr'>uuum</span> <span class='ocrx_word' id='word_1_176' title='bbox 212 2241 246 2280; x_wconf 87' lang='lat' dir='ltr'>ex</span> <span class='ocrx_word' id='word_1_177' title='bbox 263 2221 318 2296; x_wconf 89' lang='lat' dir='ltr'>his,</span> <span class='ocrx_word' id='word_1_178' title='bbox 342 2241 398 2296; x_wconf 89' lang='lat' dir='ltr'>que</span> <span class='ocrx_word' id='word_1_179' title='bbox 417 2222 639 2297; x_wconf 84' lang='lat' dir='ltr'>promittuntur,</span> <span class='ocrx_word' id='word_1_180' title='bbox 662 2222 787 2298; x_wconf 85' lang='lat' dir='ltr'>ideoque</span> <span class='ocrx_word' id='word_1_181' title='bbox 806 2221 961 2280; x_wconf 85' lang='lat' dir='ltr'>declarabo</span> <span class='ocrx_word' id='word_1_182' title='bbox 981 2223 1013 2279; x_wconf 90' lang='lat' dir='ltr'>in</span> <span class='ocrx_word' id='word_1_183' title='bbox 1031 2223 1108 2300; x_wconf 88' lang='lat' dir='ltr'>loce,</span> 
     </span>
     <span class='ocr_line' id='line_1_24' title="bbox 99 2309 1108 2387; baseline 0.003 -19"><span class='ocrx_word' id='word_1_184' title='bbox 99 2309 151 2368; x_wconf 91' lang='lat' dir='ltr'>ubi</span> <span class='ocrx_word' id='word_1_185' title='bbox 178 2310 337 2369; x_wconf 80' lang='lat' dir='ltr'>Eucumus</span> <span class='ocrx_word' id='word_1_186' title='bbox 364 2311 462 2385; x_wconf 89' lang='lat' dir='ltr'>ipsum</span> <span class='ocrx_word' id='word_1_187' title='bbox 488 2311 581 2385; x_wconf 88' lang='lat' dir='ltr'>ponit.</span> <span class='ocrx_word' id='word_1_188' title='bbox 626 2310 727 2369; x_wconf 85' lang='lat' dir='ltr'>Prima</span> <span class='ocrx_word' id='word_1_189' title='bbox 754 2311 917 2387; x_wconf 85' lang='lat' dir='ltr'>figurarum</span> <span class='ocrx_word' id='word_1_190' title='bbox 939 2311 1108 2371; x_wconf 83' lang='lat' dir='ltr'>rectilinea·</span> 
     </span>
     <span class='ocr_line' id='line_1_25' title="bbox 99 2398 1109 2475; baseline 0.003 -19"><span class='ocrx_word' id='word_1_191' title='bbox 99 2419 165 2456; x_wconf 87' lang='lat' dir='ltr'>rum</span> <span class='ocrx_word' id='word_1_192' title='bbox 188 2401 232 2458; x_wconf 88' lang='lat' dir='ltr'>est</span> <span class='ocrx_word' id='word_1_193' title='bbox 253 2398 364 2457; x_wconf 88' lang='lat' dir='ltr'>habens</span> <span class='ocrx_word' id='word_1_194' title='bbox 387 2399 446 2457; x_wconf 87' lang='lat' dir='ltr'>tria</span> <span class='ocrx_word' id='word_1_195' title='bbox 464 2400 568 2475; x_wconf 82' lang='lat' dir='ltr'>latera,</span> <span class='ocrx_word' id='word_1_196' title='bbox 591 2400 720 2458; x_wconf 86' lang='lat' dir='ltr'>secunda</span> <span class='ocrx_word' id='word_1_197' title='bbox 739 2402 870 2474; x_wconf 82' lang='lat' dir='ltr'>quatuor</span> <span class='ocrx_word' id='word_1_198' title='bbox 886 2399 991 2475; x_wconf 78' lang='lat' dir='ltr'>latera,</span> <span class='ocrx_word' id='word_1_199' title='bbox 1015 2401 1109 2460; x_wconf 87' lang='lat' dir='ltr'>tertia</span> 
     </span>
    </p>

    <p class='ocr_par' dir='ltr' id='par_1_9' title="bbox 61 2486 455 2545">
     <span class='ocr_line' id='line_1_26' title="bbox 61 2486 455 2545; baseline 0.008 -3"><span class='ocrx_word' id='word_1_200' title='bbox 61 2501 86 2542; x_wconf 79' lang='lat' dir='ltr'>as</span> <span class='ocrx_word' id='word_1_201' title='bbox 99 2486 209 2545; x_wconf 89' lang='lat' dir='ltr'>habens</span> <span class='ocrx_word' id='word_1_202' title='bbox 234 2487 329 2545; x_wconf 88' lang='lat' dir='ltr'>multa</span> <span class='ocrx_word' id='word_1_203' title='bbox 351 2487 455 2545; x_wconf 87' lang='lat' dir='ltr'>latera.</span> 
     </span>
    </p>

    <p class='ocr_par' dir='ltr' id='par_1_10' title="bbox 99 2574 1110 2915">
     <span class='ocr_line' id='line_1_27' title="bbox 165 2574 1110 2650; baseline 0.006 -18"><span class='ocrx_word' id='word_1_204' title='bbox 165 2574 248 2632; x_wconf 86' lang='lat' dir='ltr'>Dixit</span> <span class='ocrx_word' id='word_1_205' title='bbox 266 2575 438 2634; x_wconf 79' lang='lat' dir='ltr'>Eucumas:</span> <span class='ocrx_word' id='word_1_206' title='bbox 461 2575 643 2650; x_wconf 74' lang='lat' dir='ltr'>Fiyararam</span> <span class='ocrx_word' id='word_1_207' title='bbox 666 2578 723 2634; x_wconf 77' lang='lat' dir='ltr'>tria</span> <span class='ocrx_word' id='word_1_208' title='bbox 745 2577 911 2635; x_wconf 78' lang='lat' dir='ltr'>tabeattara</span> <span class='ocrx_word' id='word_1_209' title='bbox 934 2577 1027 2635; x_wconf 83' lang='lat' dir='ltr'>latera</span> <span class='ocrx_word' id='word_1_210' title='bbox 1046 2579 1110 2638; x_wconf 81' lang='lat' dir='ltr'>alia</span> 
     </span>
     <span class='ocr_line' id='line_1_28' title="bbox 101 2665 1108 2741; baseline 0.004 -20"><span class='ocrx_word' id='word_1_211' title='bbox 101 2668 141 2722; x_wconf 81' lang='lat' dir='ltr'>cst</span> <span class='ocrx_word' id='word_1_212' title='bbox 158 2665 322 2737; x_wconf 74' lang='lat' dir='ltr'>triaapalas</span> <span class='ocrx_word' id='word_1_213' title='bbox 341 2665 399 2722; x_wconf 80' lang='lat' dir='ltr'>tria</span> <span class='ocrx_word' id='word_1_214' title='bbox 416 2665 524 2723; x_wconf 82' lang='lat' dir='ltr'>habeas</span> <span class='ocrx_word' id='word_1_215' title='bbox 543 2666 636 2723; x_wconf 83' lang='lat' dir='ltr'>latera</span> <span class='ocrx_word' id='word_1_216' title='bbox 650 2666 773 2741; x_wconf 80' lang='lat' dir='ltr'>cqaalta,</span> <span class='ocrx_word' id='word_1_217' title='bbox 793 2667 843 2737; x_wconf 80' lang='lat' dir='ltr'>qai</span> <span class='ocrx_word' id='word_1_218' title='bbox 856 2666 961 2724; x_wconf 75' lang='lat' dir='ltr'>dieitur</span> <span class='ocrx_word' id='word_1_219' title='bbox 975 2667 1108 2740; x_wconf 71' lang='lat' dir='ltr'>trtaaya-</span> 
     </span>
     <span class='ocr_line' id='line_1_29' title="bbox 100 2752 1110 2827; baseline 0.003 -16"><span class='ocrx_word' id='word_1_220' title='bbox 100 2752 146 2811; x_wconf 84' lang='lat' dir='ltr'>las</span> <span class='ocrx_word' id='word_1_221' title='bbox 169 2753 357 2825; x_wconf 77' lang='lat' dir='ltr'>caatlateras;</span> <span class='ocrx_word' id='word_1_222' title='bbox 386 2753 448 2811; x_wconf 80' lang='lat' dir='ltr'>alta</span> <span class='ocrx_word' id='word_1_223' title='bbox 476 2756 517 2811; x_wconf 82' lang='lat' dir='ltr'>est</span> <span class='ocrx_word' id='word_1_224' title='bbox 538 2755 702 2827; x_wconf 71' lang='lat' dir='ltr'>trtaapatas</span> <span class='ocrx_word' id='word_1_225' title='bbox 725 2755 848 2812; x_wconf 81' lang='lat' dir='ltr'>daoram</span> <span class='ocrx_word' id='word_1_226' title='bbox 872 2755 1017 2826; x_wconf 77' lang='lat' dir='ltr'>eqaatc&#39;am</span> <span class='ocrx_word' id='word_1_227' title='bbox 1039 2757 1110 2814; x_wconf 83' lang='lat' dir='ltr'>late·</span> 
     </span>
     <span class='ocr_line' id='line_1_30' title="bbox 99 2842 1110 2915; baseline 0.005 -16"><span class='ocrx_word' id='word_1_228' title='bbox 99 2859 174 2909; x_wconf 83' lang='lat' dir='ltr'>ram,</span> <span class='ocrx_word' id='word_1_229' title='bbox 198 2842 248 2913; x_wconf 81' lang='lat' dir='ltr'>qai</span> <span class='ocrx_word' id='word_1_230' title='bbox 271 2844 318 2908; x_wconf 84' lang='lat' dir='ltr'>est,</span> <span class='ocrx_word' id='word_1_231' title='bbox 343 2843 425 2899; x_wconf 80' lang='lat' dir='ltr'>ratas</span> <span class='ocrx_word' id='word_1_232' title='bbox 448 2843 504 2900; x_wconf 83' lang='lat' dir='ltr'>dac</span> <span class='ocrx_word' id='word_1_233' title='bbox 526 2842 618 2901; x_wconf 82' lang='lat' dir='ltr'>latera</span> <span class='ocrx_word' id='word_1_234' title='bbox 636 2846 704 2900; x_wconf 80' lang='lat' dir='ltr'>susat</span> <span class='ocrx_word' id='word_1_235' title='bbox 722 2843 853 2915; x_wconf 60' lang='lat' dir='ltr'>aqualia</span> <span class='ocrx_word' id='word_1_236' title='bbox 876 2844 1004 2911; x_wconf 80' lang='lat' dir='ltr'>aliaest,</span> <span class='ocrx_word' id='word_1_237' title='bbox 1024 2846 1110 2904; x_wconf 81' lang='lat' dir='ltr'>ratas</span> 
     </span>
    </p>

    <p class='ocr_par' dir='ltr' id='par_1_11' title="bbox 62 2930 509 2988">
     <span class='ocr_line' id='line_1_31' title="bbox 62 2930 509 2988; baseline 0.007 -4"><span class='ocrx_word' id='word_1_238' title='bbox 62 2944 87 2984; x_wconf 85' lang='lat' dir='ltr'>eo</span> <span class='ocrx_word' id='word_1_239' title='bbox 100 2931 158 2988; x_wconf 78' lang='lat' dir='ltr'>tria</span> <span class='ocrx_word' id='word_1_240' title='bbox 181 2930 273 2988; x_wconf 84' lang='lat' dir='ltr'>latera</span> <span class='ocrx_word' id='word_1_241' title='bbox 296 2933 363 2987; x_wconf 78' lang='lat' dir='ltr'>suat</span> <span class='ocrx_word' id='word_1_242' title='bbox 386 2931 509 2988; x_wconf 77' lang='lat' dir='ltr'>diuersa.</span> 
     </span>
    </p>

    <p class='ocr_par' dir='ltr' id='par_1_12' title="bbox 168 3016 1108 3098">
     <span class='ocr_line' id='line_1_32' title="bbox 168 3016 1108 3098; baseline 0.003 -24"><span class='ocrx_word' id='word_1_243' title='bbox 168 3016 263 3093; x_wconf 83' lang='lat' dir='ltr'>Supra</span> <span class='ocrx_word' id='word_1_244' title='bbox 281 3017 336 3075; x_wconf 92' lang='lat' dir='ltr'>hoc</span> <span class='ocrx_word' id='word_1_245' title='bbox 355 3016 597 3077; x_wconf 73' lang='lat' dir='ltr'>Slrmaurcmus:</span> <span class='ocrx_word' id='word_1_246' title='bbox 615 3018 807 3078; x_wconf 83' lang='lat' dir='ltr'>Diversorum</span> <span class='ocrx_word' id='word_1_247' title='bbox 825 3019 955 3078; x_wconf 85' lang='lat' dir='ltr'>laterum</span> <span class='ocrx_word' id='word_1_248' title='bbox 973 3020 1108 3098; x_wconf 84' lang='lat' dir='ltr'>triangu-</span> 
     </span>
    </p>
   </div>
   <div class='ocr_carea' id='block_1_3' title="bbox 100 3097 1108 3274">
    <p class='ocr_par' dir='ltr' id='par_1_13' title="bbox 100 3097 1108 3274">
     <span class='ocr_line' id='line_1_33' title="bbox 100 3097 1108 3186; baseline 0.005 -23"><span class='ocrx_word' id='word_1_249' title='bbox 100 3097 179 3186; x_wconf 62' lang='lat' dir='ltr'>lusl)</span> <span class='ocrx_word' id='word_1_250' title='bbox 212 3105 277 3163; x_wconf 86' lang='lat' dir='ltr'>ideo</span> <span class='ocrx_word' id='word_1_251' title='bbox 307 3109 430 3164; x_wconf 86' lang='lat' dir='ltr'>vocatus</span> <span class='ocrx_word' id='word_1_252' title='bbox 458 3109 515 3181; x_wconf 86' lang='lat' dir='ltr'>est,</span> <span class='ocrx_word' id='word_1_253' title='bbox 545 3108 623 3183; x_wconf 88' lang='lat' dir='ltr'>quod</span> <span class='ocrx_word' id='word_1_254' title='bbox 651 3108 714 3166; x_wconf 90' lang='lat' dir='ltr'>eius</span> <span class='ocrx_word' id='word_1_255' title='bbox 741 3110 840 3166; x_wconf 89' lang='lat' dir='ltr'>motus</span> <span class='ocrx_word' id='word_1_256' title='bbox 870 3111 915 3166; x_wconf 89' lang='lat' dir='ltr'>est</span> <span class='ocrx_word' id='word_1_257' title='bbox 946 3111 1108 3168; x_wconf 84' lang='lat' dir='ltr'>tortuosus</span> 
     </span>
     <span class='ocr_line' id='line_1_34' title="bbox 103 3193 1107 3274; baseline 0.005 -22"><span class='ocrx_word' id='word_1_258' title='bbox 103 3194 186 3252; x_wconf 80' lang='lat' dir='ltr'>Sicut</span> <span class='ocrx_word' id='word_1_259' title='bbox 209 3193 288 3251; x_wconf 90' lang='lat' dir='ltr'>enim</span> <span class='ocrx_word' id='word_1_260' title='bbox 311 3194 456 3270; x_wconf 88' lang='lat' dir='ltr'>equalitas</span> <span class='ocrx_word' id='word_1_261' title='bbox 480 3198 525 3255; x_wconf 88' lang='lat' dir='ltr'>est</span> <span class='ocrx_word' id='word_1_262' title='bbox 547 3216 646 3273; x_wconf 83' lang='lat' dir='ltr'>causa,</span> <span class='ocrx_word' id='word_1_263' title='bbox 670 3215 763 3272; x_wconf 85' lang='lat' dir='ltr'>quare</span> <span class='ocrx_word' id='word_1_264' title='bbox 786 3197 901 3272; x_wconf 85' lang='lat' dir='ltr'>aliquid</span> <span class='ocrx_word' id='word_1_265' title='bbox 922 3200 967 3256; x_wconf 90' lang='lat' dir='ltr'>est</span> <span class='ocrx_word' id='word_1_266' title='bbox 991 3198 1107 3274; x_wconf 81' lang='lat' dir='ltr'>stabile,</span> 
     </span>
    </p>
   </div>
   <div class='ocr_carea' id='block_1_4' title="bbox 106 3314 316 3325">
    <p class='ocr_par' dir='ltr' id='par_1_14' title="bbox 106 3314 316 3325">
     <span class='ocr_line' id='line_1_35' title="bbox 106 3314 316 3325; baseline -0.005 -3"><span class='ocrx_word' id='word_1_267' title='bbox 106 3314 316 3325; x_wconf 61' lang='lat'>—-„—.‚-....-</span> 
     </span>
    </p>
   </div>
   <div class='ocr_carea' id='block_1_5' title="bbox 173 3379 750 3452">
    <p class='ocr_par' dir='ltr' id='par_1_15' title="bbox 173 3379 750 3452">
     <span class='ocr_line' id='line_1_36' title="bbox 173 3379 750 3452; baseline 0.005 -18"><span class='ocrx_word' id='word_1_268' title='bbox 173 3386 196 3434; x_wconf 83' lang='lat'>9.</span> <span class='ocrx_word' id='word_1_269' title='bbox 216 3379 337 3452; x_wconf 90' lang='lat' dir='ltr'>locutus]</span> <span class='ocrx_word' id='word_1_270' title='bbox 357 3384 479 3437; x_wconf 85' lang='lat' dir='ltr'>accutus.</span> <span class='ocrx_word' id='word_1_271' title='bbox 499 3415 534 3424; x_wconf 90' lang='lat'>—</span> <span class='ocrx_word' id='word_1_272' title='bbox 552 3388 594 3437; x_wconf 76' lang='lat'>32.</span> <span class='ocrx_word' id='word_1_273' title='bbox 614 3384 750 3438; x_wconf 89' lang='lat' dir='ltr'>totuosus.</span> 
     </span>
    </p>
   </div>
   <div class='ocr_carea' id='block_1_6' title="bbox 175 3558 1108 3631">
    <p class='ocr_par' dir='ltr' id='par_1_16' title="bbox 175 3558 1108 3631">
     <span class='ocr_line' id='line_1_37' title="bbox 175 3558 1108 3631; baseline 0.008 -20"><span class='ocrx_word' id='word_1_274' title='bbox 175 3562 200 3628; x_wconf 90' lang='lat'>1)</span> <span class='ocrx_word' id='word_1_275' title='bbox 210 3558 333 3613; x_wconf 78' lang='lat' dir='ltr'>Puocuus</span> <span class='ocrx_word' id='word_1_276' title='bbox 345 3564 404 3629; x_wconf 87' lang='grc'>163,</span> <span class='ocrx_word' id='word_1_277' title='bbox 415 3566 447 3613; x_wconf 80' lang='lat'>21</span> <span class='ocrx_word' id='word_1_278' title='bbox 455 3577 494 3628; x_wconf 89' lang='lat' dir='ltr'>sq.</span> <span class='ocrx_word' id='word_1_279' title='bbox 506 3593 539 3602; x_wconf 93' lang='lat'>-</span> <span class='ocrx_word' id='word_1_280' title='bbox 550 3564 576 3630; x_wconf 80' lang='lat'>2)</span> <span class='ocrx_word' id='word_1_281' title='bbox 592 3560 736 3631; x_wconf 72' lang='lat' dir='ltr'>arelacta.</span> <span class='ocrx_word' id='word_1_282' title='bbox 756 3561 831 3616; x_wconf 84' lang='lat' dir='ltr'>Male</span> <span class='ocrx_word' id='word_1_283' title='bbox 840 3559 926 3616; x_wconf 83' lang='lat' dir='ltr'>vertit</span> <span class='ocrx_word' id='word_1_284' title='bbox 936 3558 1108 3619; x_wconf 72' lang='lat' dir='ltr'>Garumnae.</span> 
     </span>
    </p>
   </div>
   <div class='ocr_carea' id='block_1_7' title="bbox 0 0 1181 3834">
    <p class='ocr_par' dir='ltr' id='par_1_17' title="bbox 0 0 1181 3834">
     <span class='ocr_line' id='line_1_38' title="bbox 0 0 1181 3834; baseline 0 0"><span class='ocrx_word' id='word_1_285' title='bbox 0 0 1181 3834; x_wconf 95' lang='lat' dir='ltr'> </span> 
     </span>
    </p>
   </div>
  </div>
 </body>
</html>
