2340 3834
83 36 98 101 3
318 36 483 90 ANARITII
501 35 758 91 COMMENTAnu

98 204 234 280 Exempli
267 223 357 263 causa
389 205 449 263 sint
479 204 595 263 numeri
627 223 660 278 a,
683 207 713 279 b,
733 223 766 280 q,
789 207 810 263 d
836 203 974 264 continui
998 203 1041 262 in·

64 293 174 368 pientes
201 293 239 350 ab
265 311 324 352 uno
344 293 506 351 secundum
527 294 750 369 proportionem
772 293 911 370 duplam3
938 291 1041 351 deindo

57 384 233 459 {gregantur
259 384 289 439 et
311 400 389 439 unus
411 401 480 441 oum
502 382 559 457 eia,
582 386 612 441 et
634 382 674 441 sit
696 384 879 460 aggregatus
900 399 1042 440 numerus
1166 445 1170 448 ,

51 516 55 543 ,
78 473 109 528 et
131 469 170 528 sit
187 488 329 528 numerus
349 489 363 528 c
381 471 503 546 primur,
526 471 579 546 qui
597 470 816 547 multiplicetur
832 471 866 528 in
883 488 1041 528 numerum

46 560 65 633 l,
97 559 149 633 qui
177 562 222 617 est
248 562 415 635 postremus
442 579 633 619 numerorum
660 562 905 638 aggregatorum,
938 562 968 617 et
994 557 1042 633 sit,

40 648 113 723 ruod
145 651 326 724 aggregatur
358 667 393 705 ex
424 647 687 724 multiplicatione,
718 666 861 706 numerus
891 648 944 708 alr:
975 646 1040 706 dico
1149 694 1157 707 .

33 735 138 812 igitur,
171 737 251 811 quod
283 755 424 794 numerus
454 738 494 796 alr
521 740 566 795 est
592 737 749 812 perlectus.
799 735 941 796 Probatio
968 734 1040 795 eiua

33 822 180 893 Quoniam
194 843 345 883 assumam
358 843 497 885 numeros
510 825 672 884 secundum
681 824 904 902 proportionem
913 843 941 899 a,
951 825 978 899 b,
984 824 1042 898 ad

33 916 63 970 et
85 913 247 972 secundum
270 932 372 971 eorum
394 914 630 973 numerationem
655 913 811 973 continuos
834 908 896 992 (a)
917 930 1040 971 numero

15 1019 55 1075 ιθ,
79 1002 129 1076 qui
152 1002 211 1061 sint
229 1003 344 1060 numeri
364 1021 378 1061 c
397 1006 427 1060 et
445 1004 478 1060 lt
496 1005 526 1060 et
545 1004 555 1061 l
573 1005 603 1061 et
620 1021 657 1076 m,
677 1021 747 1080 ergo
765 1002 882 1061 numeri
900 1021 929 1076 a,
943 1003 969 1076 t,
981 1001 1042 1076 ud

32 2262 102 2317 sunt
133 2260 293 2318 secundum
326 2260 547 2336 proportionem
574 2278 763 2318 numerorum
791 2277 817 2333 e,
841 2261 886 2334 tle,
910 2261 932 2335 1,
955 2278 985 2317 m
1010 2261 1036 2317 et
1136 2290 1157 2327 ,ν

32 2348 192 2406 secundum
223 2367 325 2406 eorum
356 2349 599 2408 numerationem.
651 2346 817 2406 Secundum
845 2348 1036 2423 equalitatem
1146 2378 1149 2383 ·

31 2435 123 2513 igItur
146 2435 202 2494 erit
224 2437 375 2512 proportio
399 2456 418 2495 a
441 2437 479 2495 ad
502 2439 522 2495 d
544 2437 620 2496 sicut
641 2436 794 2512 proportio
813 2454 828 2495 c
846 2436 886 2496 ad
903 2455 941 2495 m.
982 2434 1037 2494 sel
1140 2468 1158 2489 ι

32 2524 163 2583 omnium
199 2529 329 2598 quatuor
364 2544 554 2584 numerorum
589 2524 858 2601 proportionalium
889 2525 979 2601 primi
1008 2524 1038 2581 in
1149 2584 1155 2591 ,

7 2615 173 2687 oquartum
200 2612 410 2688 multiplicatio
439 2618 483 2672 est
511 2614 624 2688 equalis
651 2612 896 2689 multiplicationi
921 2612 1038 2672 secrmdi
1142 2656 1161 2683 =

31 2700 63 2757 in
90 2701 225 2775 tertium,
255 2721 326 2778 ergo
356 2701 562 2777 superficialis,
589 2702 642 2777 qui
668 2702 704 2760 fit
730 2721 765 2761 ex
792 2701 1039 2778 multiplicatione
1146 2730 1169 2757 ς

30 2789 145 2846 numeri
173 2808 187 2848 c
213 2791 244 2847 in
271 2810 425 2848 numerum
452 2792 484 2864 d,
512 2793 557 2848 est
580 2790 692 2866 equalis
715 2790 909 2866 superficiali,
933 2790 985 2866 qui
1006 2789 1039 2848 fit
1153 2836 1156 2841 .

32 2898 67 2935 ex
93 2878 341 2954 multiplicatione
367 2879 482 2936 numeri
505 2897 524 2937 c
546 2879 577 2936 in
601 2899 755 2937 numerum
776 2898 813 2937 m.
861 2878 920 2937 Sed
943 2898 1040 2955 super·

33 2966 146 3041 ficialis,
169 2967 220 3041 qui
243 2967 278 3024 fit
301 2986 336 3023 ex
359 2985 373 3024 c
394 2966 426 3024 in
449 2969 477 3042 d,
500 2970 545 3026 eet
562 2964 651 3045 202),
674 2986 744 3045 ergo
764 2967 970 3043 superficialis,
991 2966 1040 3044 qui

0 3074 15 3102 ἰ
33 3054 67 3112 fit
94 3074 129 3111 ex
155 3049 216 3132 (a)
243 3055 275 3111 in
303 3074 346 3129 m,
374 3058 418 3113 est
444 3057 491 3115 alr.
537 3054 594 3114 Sed
621 3075 641 3114 o
668 3060 713 3115 est
740 3056 811 3131 duo,
839 3075 910 3135 ergo
937 3058 977 3117 rt
998 3058 1042 3114 eat

35 3143 142 3218 duplus
164 3143 279 3201 numeri
301 3163 339 3218 m,
362 3147 392 3202 et
414 3163 552 3203 numerus
574 3163 604 3202 m
626 3148 672 3203 est
694 3144 804 3221 duplus
827 3145 944 3217 numeri
967 3146 991 3220 l,
1014 3148 1041 3202 et

33 3250 171 3290 numerus
195 3234 205 3290 l
228 3235 272 3290 est
295 3232 405 3309 duplus
428 3233 544 3292 numeri
567 3235 608 3307 tl,
632 3236 661 3291 et
683 3235 717 3292 tlc
736 3238 782 3293 est
799 3234 910 3311 duplus
928 3232 1041 3293 numeri

96 3408 119 3457 4,
141 3401 219 3471 quod
237 3401 452 3476 multiplicatur.
472 3437 507 3444 —
526 3408 570 3458 lt.
588 3402 665 3471 quot
679 3402 722 3458 tt.
