2340 3834
376 168 426 222 AD
445 167 630 223 EUOLIDEM
647 168 714 223 LIB.
728 168 748 223 Ι.
1020 168 1061 232 21

53 337 93 395 lis
120 336 200 394 linee
228 354 278 412 en,
305 336 401 397 maior
423 337 536 395 scilicet
558 337 671 412 equalis
694 336 814 413 minori,
843 337 921 412 quod
944 340 989 396 est
1011 337 1064 394 im-

54 425 206 502 possibile.
243 425 322 502 Ergo
341 426 485 485 medietas
505 425 615 501 circuli,
639 445 697 501 que
716 429 761 484 est
780 428 852 500 byei,
871 446 929 485 non
944 429 1066 501 superat

57 514 247 572 medietatem
271 514 386 588 circuli,
414 534 472 590 que
496 519 540 573 θεὴ
563 516 637 574 bed.
683 514 756 573 Dico
780 514 882 589 etiam,
906 515 984 590 quod
1007 535 1066 574 non

61 605 107 662 est
130 602 227 662 minor
255 621 314 680 ea,
333 622 427 678 neque
455 603 535 662 cadit
561 603 641 661 intra
668 604 774 679 ipsum.
825 602 966 663 Probatio
995 605 1065 677 eius,

61 691 201 767 quoniam
222 691 363 750 reducam
384 693 512 752 formem
533 692 636 768 figure,
659 697 694 751 ut
713 695 777 751 erat
794 693 885 767 prius,
909 695 939 750 et
956 711 1066 768 ponam
1092 704 1104 744 5

57 780 248 838 medietatem
288 781 403 858 circuli,
449 800 506 856 que
548 784 593 839 est
627 783 704 855 byei,
745 800 811 838 eum
848 783 1065 857 supraponitur,

57 869 202 929 minorem
224 869 378 928 medietati
402 869 513 945 circuli,
537 889 595 945 que
619 873 664 928 est
686 871 761 938 bed,
785 873 815 928 et
833 869 984 928 reducitur
1003 871 1064 928 eius

57 958 133 1017 situs
161 976 250 1033 super
272 959 347 1018 b'ccl.
393 959 474 1036 Ergo
496 958 531 1017 fit
558 958 649 1016 etiam
676 959 755 1017 linea
783 976 819 1033 ey
847 959 961 1033 equalis
988 959 1065 1017 linee

57 1065 93 1107 θα
117 1050 148 1106 θὴ
170 1046 248 1105 linee
267 1065 318 1106 en:
342 1065 411 1124 ergo
435 1047 492 1106 erit
515 1047 594 1106 linea
613 1065 652 1106 θα
676 1047 790 1123 equalis
808 1047 885 1106 linee
905 1066 947 1120 θθ,
969 1048 1067 1106 minor

56 1136 173 1195 scilicet
204 1135 310 1194 maiori
342 1137 470 1211 equalis,
507 1136 587 1211 quod
618 1140 663 1194 θεὴ
694 1135 882 1212 impossibile.
933 1134 1018 1204 Quod
1041 1136 1105 1194 siro

56 1226 126 1300 quis
154 1224 274 1301 dixerit,
305 1225 384 1300 quod
407 1224 562 1300 medietas,
595 1244 653 1299 que
686 1227 731 1283 est
759 1227 834 1301 θρα,
867 1244 935 1282 oum
964 1243 1065 1300 supra-

56 1315 184 1389 ponitur
206 1314 263 1372 alie
284 1313 439 1372 medietati
458 1314 569 1388 circuli,
588 1333 645 1388 que
665 1317 710 1372 est
728 1316 806 1390 bad,
829 1333 888 1372 non
902 1313 983 1372 cadit
1000 1315 1065 1372 tota

603 1402 695 1478 intus,
728 1421 782 1460 nec
806 1405 872 1460 tota
895 1405 990 1477 extra,
1014 1401 1065 1460 sed

603 1495 683 1549 secat
720 1510 786 1550 eam
822 1492 853 1548 in
888 1493 998 1565 puncto
1035 1508 1063 1558 a,

601 1580 678 1638 sicut
704 1580 736 1637 in
764 1580 824 1639 alia
846 1580 943 1658 figura
967 1579 1103 1656 signe-15

600 1671 674 1726 tum.
743 1667 836 1726 Linea
880 1671 982 1726 tamen
1028 1685 1065 1741 θα

600 1758 813 1832 supraponitur
842 1757 919 1815 linee
951 1775 1001 1825 en,
1034 1758 1064 1814 et

599 1846 631 1902 in
658 1845 713 1903 hoc
740 1864 799 1905 non
828 1847 885 1904 erit
907 1834 1062 1905 diveisitas

519 1949 546 2006 9
600 1934 715 2009 aliqua3
743 1934 823 1992 linea
846 1935 924 1992 euim
948 1953 983 2008 ep
1005 1953 1064 1992 non

601 2022 752 2100 egreditur
780 2041 880 2081 arcum
908 2024 986 2091 bad,
1014 2042 1063 2080 ne·
1078 2036 1103 2075 eo

602 2131 658 2186 que
673 2111 836 2169 retrahitur
852 2103 855 2193 Ι
872 2110 1063 2186 infraipsum.

601 2200 642 2257 Et
660 2201 833 2275 protraham
851 2201 941 2258 etiam
963 2219 980 2257 a
1000 2218 1064 2258 cen-

602 2292 650 2348 tro
670 2307 684 2347 θ
704 2289 814 2347 lineam
833 2290 877 2366 et,
901 2291 931 2346 et
948 2306 1064 2363 ponam,
1090 2292 1094 2300 '

602 2379 639 2435 ut
680 2380 758 2435 secet
796 2396 897 2435 arcum
933 2378 1001 2436 bad
1033 2376 1064 2434 in

601 2469 713 2540 puncto
740 2484 769 2526 e:
803 2485 871 2543 ergo
900 2465 956 2524 erit
984 2465 1064 2524 linea
1077 2478 1102 2518 εε

58 2572 95 2614 ee
128 2554 242 2630 equalis
274 2554 351 2612 linee
384 2572 430 2612 θα.
495 2553 552 2611 Sed
583 2554 663 2612 linea
695 2572 733 2613 θα
768 2557 813 2613 θεὴ
845 2555 959 2630 equalis
989 2555 1066 2612 lineo

58 2645 111 2710 en,
135 2663 205 2720 ergo
228 2641 308 2700 linea
332 2661 365 2702 θθ
389 2647 434 2701 θεὴ
456 2643 570 2718 equalis
592 2643 669 2701 linee
693 2644 741 2718 et,
765 2644 844 2718 quod
867 2645 912 2701 est
933 2643 1066 2718 impossi-

57 2731 127 2790 bile.
172 2732 213 2789 llt
246 2732 317 2806 quia
348 2732 491 2790 medietas
524 2731 637 2807 circuli,
670 2750 736 2789 cum
768 2734 988 2808 supraponetur
1015 2732 1067 2789 alii

58 2819 226 2896 medietati,
249 2839 309 2879 non
332 2821 412 2879 cadit
434 2824 516 2879 extra
538 2832 635 2895 neque
658 2821 749 2895 intra,
772 2841 867 2896 neque
890 2823 970 2880 secat
993 2840 1065 2896 eam,

58 2909 112 2967 sed
133 2908 264 2984 undique
288 2910 419 2984 cooperit
442 2928 515 2984 eam,
539 2929 609 2987 ergo
633 2912 678 2967 θεὴ
701 2911 728 2967 ei
751 2911 874 2984 equalis
1079 2922 1105 2962 ao

126 2997 210 3055 Dixit
242 2997 415 3057 Euonmns:
451 2997 654 3057 Senicirenins
687 3003 728 3056 θεὴ
761 3000 871 3072 nora,
909 3016 962 3072 qne
994 3016 1066 3057 con—

53 3087 257 3160 prehenditur.
269 3105 288 3144 α
310 3088 449 3145 diametro
473 3090 499 3144 et
514 3088 663 3145 medietate
681 3089 910 3159 circonscrentie,·
934 3092 960 3146 et
970 3089 1066 3161 portio

59 3174 162 3234 cirenti
190 3179 242 3243 eet,
270 3193 324 3248 qne
351 3177 509 3234 continetur
537 3195 555 3234 α
583 3179 660 3234 reeta
683 3176 760 3234 tinen
783 3180 809 3234 et
825 3179 958 3249 portione
980 3194 1067 3235 arens

60 3263 275 3335 circonferentie
298 3268 351 3323 ant
370 3266 480 3322 θααὴαθθ
503 3265 679 3322 senicirenio
702 3269 755 3322 ont
775 3267 892 3324 ninere.

128 3350 225 3427 Supra
255 3351 311 3410 hoc
344 3350 585 3411 Senenmcnrus:
618 3351 703 3421 Quod
733 3353 800 3428 hoc,
839 3353 917 3428 quod
949 3353 1066 3427 dicitur,
1079 3365 1104 3404 ³⁵

60 3438 260 3500 semicirculus
288 3440 328 3498 sit
349 3440 491 3499 medietas
515 3441 630 3514 circuli,
657 3460 724 3499 vere
748 3436 848 3520 <est>,
876 3441 1071 3499 manifestum

62 3532 166 3588 estex
186 3528 257 3605 hiis,
283 3549 340 3604 que
364 3529 556 3605 prediximus,
581 3529 662 3608 quod
686 3532 792 3590 autem
813 3530 858 3590 sit
876 3530 986 3605 iiqura
1006 3543 1088 3583 com·
1136 3533 1141 3540 “
