2340 3834
401 177 452 232 AD
470 177 655 233 EUOLIDEM
674 177 740 233 LIB.
755 177 801 232 ΠΙ.
1044 177 1102 241 131

102 342 162 414 est,
190 346 264 421 quod
289 347 419 424 angulus
444 348 510 422 pdb
538 347 595 406 erit
622 345 731 422 duplus
755 345 859 423 anguli
879 347 953 419 pub.
1000 344 1057 404 Sed
1080 347 1106 404 si

101 423 193 490 fuerit
206 436 314 511 positio
333 436 447 513 anguli,
470 437 522 512 qui
542 440 587 495 eet
605 454 695 511 supro
714 434 977 510 oiroonferentiam,
1000 434 1105 494 similis

97 516 238 583 positioni
263 525 368 603 anguli
388 527 463 600 pet,
490 527 534 584 ita
556 523 638 601 quod
659 523 739 583 linea
760 525 804 598 qd
827 527 906 582 secet
927 524 1037 582 lineam
1061 526 1106 599 eb,

598 613 774 689 protraham
805 615 876 671 tune
904 613 1014 672 lineam
1038 614 1104 673 ede.

597 702 638 760 llt
660 701 731 777 quia
755 702 834 760 lineu
859 703 897 761 ed
923 705 968 760 est
990 702 1104 777 equalis
1131 713 1144 754 5

596 790 674 848 lineo
702 792 757 864 db,
790 809 859 867 ergo
888 791 1014 868 angulus
1043 792 1105 850 bed

598 883 643 937 est
666 879 781 954 equalis
804 880 913 956 angulo
935 880 1009 939 dbe:
1034 898 1103 956 ergo

598 968 724 1045 angulus
739 968 809 1041 oda,
829 967 881 1042 qui
901 971 945 1026 est
964 969 1104 1027 extrinse-

598 1075 649 1114 cus
670 1056 816 1133 trianguli
835 1056 909 1130 ebd,
933 1059 977 1114 est
996 1056 1104 1133 duplus

537 1115 552 1158 ι
598 1145 703 1222 anguli
725 1147 794 1204 deb.
835 1144 876 1202 Et
900 1145 1004 1218 etiam,
1031 1146 1104 1220 quia
1119 1158 1144 1196 10

597 1233 677 1291 linea
697 1235 736 1293 ed
759 1237 804 1292 est
824 1233 937 1308 equalis
956 1234 1033 1291 lineo
1052 1235 1104 1309 dp,

597 1342 667 1399 ergo
695 1323 823 1400 angulus
851 1323 915 1395 dep
941 1325 985 1380 est
1013 1340 1104 1396 equa-

596 1411 633 1469 lis
657 1412 768 1488 angulo
789 1411 863 1485 eqd:
887 1429 956 1486 ergo
976 1411 1103 1488 angulus

596 1500 659 1574 adq
692 1502 738 1558 est
767 1499 875 1575 duplus
904 1499 1006 1576 anguli
1034 1501 1103 1573 deq.

598 1589 655 1648 Sed
685 1589 811 1665 angulus
838 1590 914 1662 edo,
946 1591 980 1646 ut
1007 1591 1143 1647 osten-15

59 1664 144 1721 Sum
187 1680 245 1752 est,
272 1679 318 1736 est
345 1676 451 1752 duplus
480 1676 582 1754 anguli
609 1680 679 1751 ber,
706 1696 773 1734 eum
796 1696 865 1753 ergo
888 1677 1104 1736 removebimus

59 1754 169 1833 eum‚
196 1764 362 1824 remanebit
384 1766 511 1842 angulus
535 1766 600 1840 bdp
622 1765 730 1841 duplus
755 1765 858 1843 anguli
881 1768 952 1840 be93
977 1770 1006 1824 et
1028 1766 1104 1824 illud

58 1833 130 1910 ⁶⁸¹³,
165 1853 250 1930 quod
273 1853 474 1913 demonstrare
497 1854 652 1913 voluimus.

148 1934 244 2001 Dixit
270 1947 405 2018 preterea
432 1943 564 2002 anuus:
596 1943 659 2001 Heo
686 1942 781 2019 figura
809 1946 853 2001 est
881 1942 1032 2000 declarata
1060 1961 1103 2001 se·

59 2016 221 2098 ⁰3³¹1dum
244 2050 361 2090 omnem
383 2030 570 2107 positionem,
593 2036 624 2090 et
646 2031 806 2090 seeundum
824 2050 941 2090 omnem
960 2031 1102 2090 eonstitu—
1117 2043 1143 2084 to

91 2113 204 2179 011em
230 2119 370 2196 probata,
402 2123 502 2178 tamen
532 2119 616 2179 nobis
645 2124 689 2179 est
716 2120 865 2194 relietum,
897 2122 931 2177 ut
958 2138 1103 2194 ponamus

60 2193 338 2283 propositionem,
365 2228 419 2283 per
446 2227 536 2284 quam
558 2209 716 2284 probemus
739 2227 805 2267 eam
826 2207 1002 2284 probatione
1025 2225 1103 2266 eom-

63 2281 183 2373 muni,
206 2297 356 2374 quoniam,
378 2297 403 2356 si
421 2316 480 2356 non
498 2297 589 2355 fuerit
606 2297 742 2373 probata,
760 2297 920 2356 seeundum
940 2296 1019 2371 quod
1038 2314 1103 2354 eam

65 2371 291 2461 probabimus,
309 2405 369 2445 non
388 2386 445 2444 erit
463 2386 547 2445 nobis
565 2386 715 2462 possibile,
738 2389 772 2443 ut
792 2385 949 2461 probemus
967 2384 1102 2462 figuram,

71 2459 151 2526 que
177 2479 221 2535 est
248 2478 317 2551 post
344 2494 422 2549 eam,
449 2475 610 2534 seeundum
632 2474 685 2533 eeh
708 2467 744 2556 (l)
767 2473 955 2550 positionem,
977 2474 1035 2532 nisi
1058 2492 1101 2533 se·
1116 2486 1141 2526 2⁵

74 2549 219 2622 euIldum
241 2564 297 2622 hoo
320 2567 431 2639 temen,
454 2563 534 2638 quod
555 2563 656 2640 posuit
678 2563 847 2622 Enormi-is.
889 2561 946 2621 Sed
964 2562 1040 2620 illud
1059 2566 1104 2622 est

77 2638 243 2728 possibile,
275 2653 417 2728 quoniam
447 2653 611 2712 necessario
644 2651 795 2726 convenit,
828 2652 907 2726 quod
937 2651 1102 2727 propositio

83 2714 148 2827 fiftt
162 2742 332 2816 eommunis,
351 2744 381 2800 et
399 2741 478 2816 quod
495 2741 637 2816 probetur
654 2741 813 2800 seeundum
827 2759 1010 2799 communem
1024 2739 1102 2816 posi-

89 2808 214 2906 1donem,
248 2834 277 2889 et
303 2829 439 2906 patiatur
465 2834 671 2905 protervorum
698 2828 974 2902 contradictionem,
1006 2848 1043 2886 ne
1069 2828 1102 2886 in

96 2919 252 2982 geometria
271 2918 311 2978 sit
328 2917 443 2992 aliquid
461 2938 520 2977 non
534 2919 700 2994 probatum.
737 2916 811 2976 Cum
831 2937 900 2994 ergo
916 2918 1100 2993 posuerimus
1113 2928 1141 2969 ⁸⁰

10 3076 13 3081 ¹
95 2990 165 3066 hano
195 3006 443 3084 propositionem,
480 3011 510 3065 et
542 3005 839 3066 demonstraverimus
871 3006 1009 3083 figuram,
1044 3006 1101 3064 erit

100 3093 194 3172 totum,
218 3096 298 3172 quod
319 3095 413 3155 estin
431 3095 535 3172 figura,
553 3095 744 3154 manifestum
763 3097 793 3153 et
811 3096 934 3171 olerum,
957 3097 988 3153 et
1005 3113 1101 3170 neque

97 3186 254 3245 remanebit
280 3185 415 3260 protinus
442 3185 524 3244 loeus
552 3183 772 3244 contradicendi
798 3183 831 3240 in
859 3202 907 3258 ea,
934 3183 1049 3243 seilicet
1068 3182 1101 3241 in

12 3282 15 3287 '
96 3273 198 3353 figura,
224 3293 280 3350 que
304 3276 349 3332 est
372 3276 441 3349 post
463 3273 549 3349 hano,
573 3293 631 3350 que
655 3276 699 3332 est
721 3271 843 3349 figura
864 3274 927 3333 20⁸.
974 3269 1101 3348 Oportet

94 3405 292 3416 -..-----

89 3553 107 3607 b
146 3485 203 3562 .²²·
222 3495 273 3548 per
291 3478 387 3550 quem]
408 3478 497 3534 dea-m.
519 3510 552 3519 -
572 3483 688 3534 23-24.
707 3477 867 3545 seeundum
882 3475 1107 3547 uuiaeounpm·
1157 3544 1160 3549 Ι

106 3567 219 3605 ammas.

935 3637 978 3694 ν
