2316 3840
111 166 175 228 114
396 164 563 219 ANARITII
581 161 837 219 COMMENTARII

196 333 232 390 In
254 332 311 389 fine
334 352 404 392 vero
427 326 557 412 sexte¹)
582 333 669 392 dixit:
702 331 810 392 Omnes
831 332 889 392 iste
912 333 1012 411 figure
1031 357 1035 388 ι

107 424 213 479 rantur
236 425 266 480 et
288 424 426 481 constant
448 422 610 480 secundum
633 422 713 481 diota
736 423 896 481 Eccumrs.

195 509 280 567 Dixit
298 511 430 569 Yamus:
453 512 489 569 In
512 511 665 587 septima
683 503 838 591 figura²)
856 511 992 570 ostendit
1012 513 1035 570 E

107 616 175 674 uns,
194 598 275 674 quod
292 599 369 657 linee
388 603 490 658 centro
507 599 736 675 propinquiores
755 603 825 659 sunt
841 600 970 660 maiores
992 602 1035 660 eis

79 687 145 746 sab
182 706 216 746 eo
249 691 319 745 sunt
349 688 531 748 remotiores.
585 687 672 757 Quod
702 708 772 748 vero
804 683 916 767 <cum>
948 689 1035 748 decla

106 776 209 851 posuit
236 775 310 835 duas
337 777 431 835 lineas
459 777 496 835 ab
524 795 585 835 una
607 781 694 852 parte
717 797 900 853 communes,
928 782 959 837 et
983 783 1035 838 ost

107 864 188 941 quod
212 883 260 939 ea,
288 884 345 939 que
369 868 415 924 est
436 865 634 941 propinquior
656 869 771 942 centm,
799 870 844 926 est
865 866 963 926 maior
988 887 1035 943 ea,

106 954 144 1012 ab
168 973 203 1013 eo
226 955 272 1012 est
293 954 443 1014 remotior.
486 953 573 1023 Quod
595 955 620 1012 si
643 955 727 1014 nobis
749 956 902 1031 proposito
925 957 1035 1015 fuerim

106 1043 183 1101 lineo
216 1061 234 1101 a
264 1042 380 1102 duabus
407 1042 543 1118 partibus
572 1044 678 1120 centri,
711 1063 840 1120 quarum
866 1063 929 1102 una
956 1046 1001 1103 sit
1030 1066 1035 1104 a

67 1146 92 1184 ro
105 1131 302 1208 propinquior
331 1135 446 1205 centro,
474 1131 677 1208 ostendemus,
705 1133 785 1208 quod
806 1133 871 1209 illa,
898 1129 1006 1213 (que)
1030 1157 1035 1192 ι

105 1220 313 1297 propinquior,
342 1224 387 1279 est
414 1220 511 1279 maior
533 1240 581 1294 ea,
609 1241 666 1297 que
688 1222 784 1299 magis
807 1225 853 1281 est
875 1222 912 1281 ah
937 1242 972 1282 eo
997 1245 1035 1283 re:

105 1329 174 1369 cum
196 1310 252 1368 hac
277 1309 481 1384 dispositione.

192 1398 308 1458 Ponam
339 1398 483 1456 circulum
513 1400 586 1474 obp,

105 1488 189 1546 cuius
222 1487 367 1545 diameter
399 1486 440 1544 sit
471 1488 523 1560 by,
556 1491 586 1546 et

65 1589 91 1629 15
105 1581 241 1635 centrum
268 1578 340 1634 nota
362 1576 396 1650 d,
424 1578 453 1633 et
476 1595 586 1650 ponam

104 1683 195 1741 supra
214 1665 324 1722 lineam
343 1665 382 1738 hy
400 1669 545 1739 punctum
564 1683 586 1739 c,

104 1772 122 1810 a
146 1771 205 1827 quo
224 1753 398 1826 protraham
417 1752 456 1810 ad
474 1753 586 1813 circon-
642 1794 653 1815 ι

103 1840 261 1898 ferentium
268 1841 341 1899 duas
348 1841 442 1900 lineas
454 1860 493 1900 ca
503 1845 533 1900 et
543 1860 585 1918 ea,

105 1933 135 1988 et
162 1948 284 2004 ponam,
312 1932 348 1987 ut
375 1930 455 1988 linea
480 1949 519 1989 ca
546 1931 586 1989 sit

64 2033 91 2071 ao
105 2021 206 2076 centro
224 2019 422 2094 propinquior
438 2020 518 2079 linea
537 2037 585 2080 ea:

104 2107 168 2166 dico
188 2126 266 2184 ergo,
286 2108 367 2183 quod
384 2109 464 2167 linea
482 2127 521 2167 co
540 2112 585 2168 est

102 2196 198 2256 maior
228 2196 308 2254 linea
341 2215 383 2256 ca.
442 2196 584 2256 Probatio

103 2286 179 2361 eius,
204 2285 347 2361 quoniam
370 2286 544 2361 protraham
567 2305 585 2344 a
861 2286 884 2324 ²

102 2378 213 2448 puncto
227 2375 259 2449 d,
280 2375 360 2449 quod
380 2377 425 2434 est
441 2378 584 2450 centrum,

63 2473 89 2514 25
104 2462 178 2521 duas
201 2463 460 2538 perpendiculares
483 2464 525 2522 cll
549 2467 579 2521 et
597 2464 640 2536 dl,
664 2465 693 2520 et
717 2461 892 2536 protraham
915 2462 1035 2522 etiam:

103 2550 177 2609 duas
200 2551 294 2608 lineas
317 2554 361 2611 dc
385 2555 415 2610 et
438 2554 485 2612 cla.
529 2552 570 2609 Et
593 2551 665 2626 quia
687 2550 767 2608 linea
790 2567 829 2608 ec
852 2554 898 2609 est
921 2553 1035 2627 propin

173 2741 198 2790 3.
217 2737 249 2789 In
268 2735 326 2790 alia
344 2736 441 2806 figura.
461 2770 495 2778 -
520 2744 543 2792 5.
565 2737 645 2802 Quod
664 2735 820 2791 declaravit
838 2753 914 2792 vero.
940 2771 973 2779 —
1002 2746 1028 2794 6.

102 2823 222 2861 munem.

174 2970 200 3036 1)
218 2967 355 3020 Eoonmns
369 2968 414 3036 HI,
431 2974 460 3022 6:
482 2968 651 3023 Circuloram
670 2984 724 3023 sese
742 2969 959 3039 coallapeatlam
976 2987 1035 3027 aaa

100 3044 221 3092 ceptrum
238 3054 293 3092 cccc
310 3056 412 3093 accessa
430 3047 475 3094 est.

172 3111 198 3178 2)
217 3109 352 3162 Euormns
371 3110 422 3178 HI,
444 3116 472 3166 7:
507 3111 538 3165 Si
560 3113 592 3165 io
613 3112 746 3165 diametro
768 3111 866 3164 circuli
885 3119 1035 3185 peractus,

100 3187 221 3235 ecetram
238 3181 369 3249 sapato,
388 3188 413 3237 et
430 3183 465 3235 ab
484 3198 513 3236 eo
532 3184 569 3236 ad
587 3183 833 3248 circumferentiam
852 3183 921 3236 llaec
932 3184 1035 3251 pluria

99 3258 211 3320 ocatur,
239 3268 289 3319 quc
311 3267 397 3318 capra
420 3259 542 3317 centrata
564 3255 704 3309 transierit
727 3254 848 3307 amalum
872 3254 924 3308 crit
942 3255 1035 3326 loayis

100 3339 150 3391 qae
168 3338 229 3377 vero
243 3322 405 3376 diametrum
420 3325 550 3391 perficiet,
570 3326 690 3378 omnium
704 3325 755 3378 erit
769 3325 941 3390 breviculam
959 3343 1015 3394 que
1033 3357 1035 3378 ι

99 3400 189 3448 centro
199 3393 332 3462 proxime,
351 3396 445 3448 celeris
459 3395 601 3464 loapa'ores,
620 3402 721 3464 quanto
740 3411 801 3449 acro
816 3413 834 3448 a
847 3401 938 3449 centro
954 3414 1035 3454 rema

99 3471 175 3520 tacto
195 3465 326 3519 breuiores
344 3481 398 3518 esse
416 3467 560 3519 coaoeaiel.
603 3466 686 3520 Duas
708 3483 811 3536 qaoque
834 3466 1035 3536 eqalda'slaates

93 3537 250 3592 breonem
267 3536 438 3593 collaterales
457 3537 564 3608 equales
583 3554 636 3592 cccc
653 3554 754 3593 neccsse
773 3539 850 3594 est·
