2340 3834
392 140 442 195 AD
461 140 647 196 EUCLIDEM
665 142 732 197 LIB.
747 141 767 197 I.
1044 141 1084 206 71

67 328 164 384 supra
196 310 313 385 partem
344 309 421 368 linco
455 327 502 384 ec,
534 329 602 368 cum
632 330 690 386 quo
717 309 921 370 ratiocinatur.
972 309 1086 368 Ponam

68 399 192 473 itaque,
223 402 258 457 ut
288 398 379 457 sectio
413 398 488 474 eius,
522 399 574 474 qui
606 399 686 457 cadit
714 400 790 458 citra
818 401 963 475 punctum
991 400 1013 472 t,
1046 399 1086 457 sit

68 486 212 546 sectionis
241 487 378 562 secunde,
407 489 437 545 et
459 487 622 563 producam
646 506 735 563 supra
758 491 901 563 punctum
923 506 953 545 m
975 487 1086 545 lineam

67 575 305 650 equidistantem
323 575 437 635 duabus
455 577 542 634 lineis
559 578 607 651 ab,
626 578 676 651 ab,
696 597 752 652 que
772 577 812 636 sit
828 577 909 634 linea
926 594 989 654 aaa,
1009 577 1086 635 sicut

66 665 264 724 manifestum
288 666 333 724 est
356 665 589 740 exprobatione
612 665 719 742 figure,
744 685 800 741 que
824 665 984 742 secundum
1008 666 1085 724 ordi·
1112 676 1125 717 5

104 847 123 896 b
238 843 255 875 8

55 2898 135 2940 nem
152 2879 273 2938 Aonius
292 2882 338 2937 est
358 2880 421 2955 31⁸,
445 2881 476 2937 et
492 2879 666 2954 protraham
684 2878 795 2937 lincam
812 2880 852 2938 ab
869 2879 901 2937 in
919 2878 1079 2954 infinitum,

57 2973 93 3029 et
123 2987 248 3044 ponam,
275 2969 310 3026 ut
336 2967 368 3025 in
390 2985 426 3027 ec
449 2968 510 3026 sint
532 2988 568 3026 ex
590 2967 805 3042 multiplicibus
828 2985 881 3045 ao,
910 2968 987 3028 sicut
1010 2970 1079 3026 sunt

56 3057 259 3135 multiplicia,
293 3076 349 3132 que
381 3058 451 3115 sunt
482 3057 514 3114 in
542 3074 576 3115 ea
605 3056 782 3132 quantitatis
810 3074 872 3114 am:
905 3056 969 3115 dico
999 3075 1079 3133 ergo,

59 3146 148 3223 quod
185 3145 240 3203 due
276 3145 354 3203 linee
391 3147 445 3220 ab,
475 3147 520 3219 qd
551 3147 729 3203 concurrunt
762 3164 849 3219 super
880 3147 1023 3219 punctum
1056 3163 1077 3204 o.

58 3233 210 3294 Probatio
233 3234 305 3293 cius.
348 3232 494 3302 Quoniam
518 3234 622 3292 secabo
646 3254 681 3292 ex
703 3233 783 3291 linea
805 3230 841 3293 cc'
858 3233 969 3291 lineam
988 3245 1119 3308 equa-10

59 3325 126 3382 lem
148 3340 203 3398 aa,
225 3323 303 3382 siout
324 3322 515 3381 manifestum
539 3326 584 3381 est
607 3321 839 3397 exprobatione
862 3322 955 3398 figure
978 3322 1077 3396 tercie,

10 3420 39 3468 [9
61 3432 124 3488 que
148 3411 191 3470 sit
211 3411 290 3470 linea
307 3429 356 3486 uo,
380 3415 411 3470 et
432 3411 607 3486 protraham
630 3429 721 3487 supra
743 3413 890 3487 punctum
911 3429 924 3470 s
944 3409 1088 3483 timeam

60 3499 294 3576 equidistantem
320 3499 397 3558 linee
427 3518 476 3578 ae,
510 3521 568 3578 que
603 3501 645 3563 sit
671 3501 758 3563 linea
787 3520 843 3579 sq„
873 3502 909 3560 et
932 3497 1115 3574 probum
