<?xml version="1.0" encoding="UTF-8"?>
<!DOCTYPE html PUBLIC "-//W3C//DTD XHTML 1.0 Transitional//EN"
    "http://www.w3.org/TR/xhtml1/DTD/xhtml1-transitional.dtd">
<html xmlns="http://www.w3.org/1999/xhtml" xml:lang="en" lang="en">
 <head>
  <title>
</title>
<meta http-equiv="Content-Type" content="text/html;charset=utf-8" />
  <meta name='ocr-system' content='tesseract 3.04.00' />
  <meta name='ocr-capabilities' content='ocr_page ocr_carea ocr_par ocr_line ocrx_word'/>
</head>
<body>
  <div class='ocr_page' id='page_1' title='image "./euclidisoperaom14unkngoog_0116.png"; bbox 0 0 2340 3834; ppageno 0'>
   <div class='ocr_carea' id='block_1_1' title="bbox 393 111 1085 176">
    <p class='ocr_par' dir='ltr' id='par_1_1' title="bbox 393 111 1085 176">
     <span class='ocr_line' id='line_1_1' title="bbox 393 111 1085 176; baseline -0.001 -10"><span class='ocrx_word' id='word_1_1' title='bbox 393 112 444 166; x_wconf 87' lang='lat' dir='ltr'>AD</span> <span class='ocrx_word' id='word_1_2' title='bbox 463 111 648 166; x_wconf 81' lang='lat' dir='ltr'>EUCLIDEM</span> <span class='ocrx_word' id='word_1_3' title='bbox 666 112 732 167; x_wconf 87' lang='lat' dir='ltr'>LIB.</span> <span class='ocrx_word' id='word_1_4' title='bbox 748 111 768 166; x_wconf 93' lang='lat' dir='ltr'>I.</span> <span class='ocrx_word' id='word_1_5' title='bbox 1043 112 1061 174; x_wconf 79' lang='lat'><strong>7</strong></span> <span class='ocrx_word' id='word_1_6' title='bbox 1065 112 1085 176; x_wconf 84' lang='lat'>9</span> 
     </span>
    </p>
   </div>
   <div class='ocr_carea' id='block_1_2' title="bbox 10 256 1145 1332">
    <p class='ocr_par' dir='ltr' id='par_1_2' title="bbox 10 256 1145 1332">
     <span class='ocr_line' id='line_1_2' title="bbox 10 256 1087 358; baseline 0.003 -21"><span class='ocrx_word' id='word_1_7' title='bbox 10 256 34 320; x_wconf 50' lang='lat' dir='ltr'>*b</span> <span class='ocrx_word' id='word_1_8' title='bbox 88 272 192 339; x_wconf 58' lang='lat' dir='ltr'>tulna</span> <span class='ocrx_word' id='word_1_9' title='bbox 205 284 256 358; x_wconf 79' lang='lat' dir='ltr'>est,</span> <span class='ocrx_word' id='word_1_10' title='bbox 272 281 360 358; x_wconf 82' lang='lat' dir='ltr'>quod,</span> <span class='ocrx_word' id='word_1_11' title='bbox 375 300 444 340; x_wconf 88' lang='lat' dir='ltr'>eum</span> <span class='ocrx_word' id='word_1_12' title='bbox 456 281 630 357; x_wconf 87' lang='lat' dir='ltr'>protraham</span> <span class='ocrx_word' id='word_1_13' title='bbox 643 281 675 339; x_wconf 91' lang='lat' dir='ltr'>in</span> <span class='ocrx_word' id='word_1_14' title='bbox 689 281 840 358; x_wconf 82' lang='lat' dir='ltr'>triangulo</span> <span class='ocrx_word' id='word_1_15' title='bbox 850 283 915 354; x_wconf 74' lang='lat' dir='ltr'>obp</span> <span class='ocrx_word' id='word_1_16' title='bbox 924 281 1034 339; x_wconf 90' lang='lat' dir='ltr'>lineam</span> <span class='ocrx_word' id='word_1_17' title='bbox 1048 282 1087 340; x_wconf 80' lang='lat' dir='ltr'>de</span> 
     </span>
     <span class='ocr_line' id='line_1_3' title="bbox 10 354 1087 448; baseline 0.001 -21"><span class='ocrx_word' id='word_1_18' title='bbox 10 354 38 397; x_wconf 46' lang='lat' dir='ltr'>ml</span> <span class='ocrx_word' id='word_1_19' title='bbox 94 359 308 448; x_wconf 59' lang='lat' dir='ltr'>efluidistantem</span> <span class='ocrx_word' id='word_1_20' title='bbox 329 370 396 429; x_wconf 85' lang='lat' dir='ltr'>basi</span> <span class='ocrx_word' id='word_1_21' title='bbox 414 372 462 445; x_wconf 70' lang='lat' dir='ltr'>by,</span> <span class='ocrx_word' id='word_1_22' title='bbox 486 373 516 428; x_wconf 85' lang='lat' dir='ltr'>et</span> <span class='ocrx_word' id='word_1_23' title='bbox 539 369 682 429; x_wconf 84' lang='lat' dir='ltr'>dividitur</span> <span class='ocrx_word' id='word_1_24' title='bbox 701 372 741 444; x_wconf 70' lang='lat' dir='ltr'>by</span> <span class='ocrx_word' id='word_1_25' title='bbox 762 370 794 427; x_wconf 92' lang='lat' dir='ltr'>in</span> <span class='ocrx_word' id='word_1_26' title='bbox 818 368 876 427; x_wconf 85' lang='lat' dir='ltr'>duo</span> <span class='ocrx_word' id='word_1_27' title='bbox 899 369 997 428; x_wconf 87' lang='lat' dir='ltr'>media</span> <span class='ocrx_word' id='word_1_28' title='bbox 1020 389 1087 428; x_wconf 87' lang='lat' dir='ltr'>eum</span> 
     </span>
     <span class='ocr_line' id='line_1_4' title="bbox 33 433 1083 535; baseline -0.003 -15"><span class='ocrx_word' id='word_1_29' title='bbox 33 516 34 520; x_wconf 75' lang='grc'>,</span> <span class='ocrx_word' id='word_1_30' title='bbox 95 433 160 513; x_wconf 63' lang='lat' dir='ltr'>brea</span> <span class='ocrx_word' id='word_1_31' title='bbox 176 461 250 535; x_wconf 62' lang='lat' dir='ltr'>ota,</span> <span class='ocrx_word' id='word_1_32' title='bbox 265 462 336 518; x_wconf 83' lang='lat' dir='ltr'>tune</span> <span class='ocrx_word' id='word_1_33' title='bbox 359 459 439 519; x_wconf 90' lang='lat' dir='ltr'>linea</span> <span class='ocrx_word' id='word_1_34' title='bbox 461 460 504 518; x_wconf 82' lang='lat' dir='ltr'>db</span> <span class='ocrx_word' id='word_1_35' title='bbox 523 459 614 518; x_wconf 89' lang='lat' dir='ltr'>etiam</span> <span class='ocrx_word' id='word_1_36' title='bbox 633 459 746 534; x_wconf 82' lang='lat' dir='ltr'>equalis</span> <span class='ocrx_word' id='word_1_37' title='bbox 766 461 811 517; x_wconf 90' lang='lat' dir='ltr'>est</span> <span class='ocrx_word' id='word_1_38' title='bbox 828 458 905 516; x_wconf 93' lang='lat' dir='ltr'>linee</span> <span class='ocrx_word' id='word_1_39' title='bbox 922 460 969 517; x_wconf 82' lang='lat' dir='ltr'>be.</span> <span class='ocrx_word' id='word_1_40' title='bbox 1014 458 1083 517; x_wconf 93' lang='lat' dir='ltr'>Pro·</span> 
     </span>
     <span class='ocr_line' id='line_1_5' title="bbox 10 524 1086 635; baseline -0.003 -28"><span class='ocrx_word' id='word_1_41' title='bbox 10 524 37 635; x_wconf 45' lang='grc' dir='ltr'>[ἒξ</span> <span class='ocrx_word' id='word_1_42' title='bbox 97 530 194 606; x_wconf 64' lang='lat' dir='ltr'>traham</span> <span class='ocrx_word' id='word_1_43' title='bbox 211 567 280 626; x_wconf 85' lang='lat' dir='ltr'>ergo</span> <span class='ocrx_word' id='word_1_44' title='bbox 300 567 391 624; x_wconf 86' lang='lat' dir='ltr'>supra</span> <span class='ocrx_word' id='word_1_45' title='bbox 404 551 549 624; x_wconf 83' lang='lat' dir='ltr'>punctum</span> <span class='ocrx_word' id='word_1_46' title='bbox 563 568 582 608; x_wconf 88' lang='lat' dir='ltr'>o</span> <span class='ocrx_word' id='word_1_47' title='bbox 595 548 706 607; x_wconf 91' lang='lat' dir='ltr'>lineam</span> <span class='ocrx_word' id='word_1_48' title='bbox 720 546 952 623; x_wconf 87' lang='lat' dir='ltr'>equidistantem</span> <span class='ocrx_word' id='word_1_49' title='bbox 966 542 1086 624; x_wconf 77' lang='lat' dir='ltr'>(linea)</span> 
     </span>
     <span class='ocr_line' id='line_1_6' title="bbox 735 635 1125 711; baseline -0.006 -17.541"><span class='ocrx_word' id='word_1_50' title='bbox 735 638 786 710; x_wconf 77' lang='lat' dir='ltr'>tp,</span> <span class='ocrx_word' id='word_1_51' title='bbox 811 655 867 711; x_wconf 90' lang='lat' dir='ltr'>que</span> <span class='ocrx_word' id='word_1_52' title='bbox 886 635 925 694; x_wconf 90' lang='lat' dir='ltr'>sit</span> <span class='ocrx_word' id='word_1_53' title='bbox 943 637 984 711; x_wconf 77' lang='lat' dir='ltr'>tt,</span> <span class='ocrx_word' id='word_1_54' title='bbox 1005 635 1085 711; x_wconf 86' lang='lat' dir='ltr'>quod</span> <span class='ocrx_word' id='word_1_55' title='bbox 1112 652 1125 691; x_wconf 82' lang='lat'>5</span> 
     </span>
     <span class='ocr_line' id='line_1_7' title="bbox 734 729 1084 784; baseline 0.003 -1"><span class='ocrx_word' id='word_1_56' title='bbox 734 745 837 783; x_wconf 86' lang='lat' dir='ltr'>verum</span> <span class='ocrx_word' id='word_1_57' title='bbox 855 743 917 784; x_wconf 88' lang='lat' dir='ltr'>esse</span> <span class='ocrx_word' id='word_1_58' title='bbox 940 729 1084 784; x_wconf 86' lang='lat' dir='ltr'>monstra-</span> 
     </span>
     <span class='ocr_line' id='line_1_8' title="bbox 734 812 1085 888; baseline -0.003 -16"><span class='ocrx_word' id='word_1_59' title='bbox 734 817 784 872; x_wconf 88' lang='lat' dir='ltr'>tur</span> <span class='ocrx_word' id='word_1_60' title='bbox 829 833 863 871; x_wconf 83' lang='lat' dir='ltr'>ex</span> <span class='ocrx_word' id='word_1_61' title='bbox 909 812 1085 888; x_wconf 73' lang='lat' dir='ltr'>probatione</span> 
     </span>
     <span class='ocr_line' id='line_1_9' title="bbox 734 902 1084 979; baseline 0.006 -21"><span class='ocrx_word' id='word_1_62' title='bbox 734 902 827 979; x_wconf 79' lang='lat' dir='ltr'>figure</span> <span class='ocrx_word' id='word_1_63' title='bbox 852 903 919 975; x_wconf 77' lang='lat'>31⁰3</span> <span class='ocrx_word' id='word_1_64' title='bbox 948 905 978 960; x_wconf 89' lang='lat' dir='ltr'>et</span> <span class='ocrx_word' id='word_1_65' title='bbox 1005 902 1084 960; x_wconf 91' lang='lat' dir='ltr'>simi-</span> 
     </span>
     <span class='ocr_line' id='line_1_10' title="bbox 734 991 1085 1050; baseline 0.006 -2"><span class='ocrx_word' id='word_1_66' title='bbox 734 991 804 1048; x_wconf 90' lang='lat' dir='ltr'>liter</span> <span class='ocrx_word' id='word_1_67' title='bbox 826 991 935 1048; x_wconf 79' lang='lat' dir='ltr'>faniam</span> <span class='ocrx_word' id='word_1_68' title='bbox 957 991 1085 1050; x_wconf 86' lang='lat' dir='ltr'>transire</span> 
     </span>
     <span class='ocr_line' id='line_1_11' title="bbox 638 1078 1145 1154; baseline -0.004 -16"><span class='ocrx_word' id='word_1_69' title='bbox 638 1107 640 1111; x_wconf 91' lang='lat'>·</span> <span class='ocrx_word' id='word_1_70' title='bbox 735 1098 824 1154; x_wconf 91' lang='lat' dir='ltr'>supra</span> <span class='ocrx_word' id='word_1_71' title='bbox 849 1078 908 1137; x_wconf 87' lang='lat' dir='ltr'>duo</span> <span class='ocrx_word' id='word_1_72' title='bbox 930 1083 1042 1153; x_wconf 82' lang='lat' dir='ltr'>puncta</span> <span class='ocrx_word' id='word_1_73' title='bbox 1065 1082 1145 1139; x_wconf 82' lang='lat' dir='ltr'>dre.</span> 
     </span>
     <span class='ocr_line' id='line_1_12' title="bbox 735 1167 1084 1244; baseline 0 -18"><span class='ocrx_word' id='word_1_74' title='bbox 735 1170 765 1226; x_wconf 88' lang='lat' dir='ltr'>et</span> <span class='ocrx_word' id='word_1_75' title='bbox 779 1186 793 1227; x_wconf 85' lang='lat' dir='ltr'>e</span> <span class='ocrx_word' id='word_1_76' title='bbox 811 1168 883 1225; x_wconf 86' lang='lat' dir='ltr'>duas</span> <span class='ocrx_word' id='word_1_77' title='bbox 898 1167 991 1225; x_wconf 90' lang='lat' dir='ltr'>lineas</span> <span class='ocrx_word' id='word_1_78' title='bbox 1006 1169 1084 1244; x_wconf 80' lang='lat' dir='ltr'>leem,</span> 
     </span>
     <span class='ocr_line' id='line_1_13' title="bbox 765 1256 1054 1332; baseline -0.003 -17"><span class='ocrx_word' id='word_1_79' title='bbox 765 1258 815 1315; x_wconf 75' lang='lat' dir='ltr'>toz</span> <span class='ocrx_word' id='word_1_80' title='bbox 839 1256 1054 1332; x_wconf 87' lang='lat' dir='ltr'>equidistantes</span> 
     </span>
    </p>
   </div>
   <div class='ocr_carea' id='block_1_3' title="bbox 62 1346 1125 1866">
    <p class='ocr_par' dir='ltr' id='par_1_3' title="bbox 663 1346 1084 1511">
     <span class='ocr_line' id='line_1_14' title="bbox 733 1346 1084 1420; baseline -0.003 -17"><span class='ocrx_word' id='word_1_81' title='bbox 733 1346 810 1403; x_wconf 88' lang='lat' dir='ltr'>linee</span> <span class='ocrx_word' id='word_1_82' title='bbox 833 1363 884 1420; x_wconf 74' lang='lat' dir='ltr'>aa,</span> <span class='ocrx_word' id='word_1_83' title='bbox 913 1348 943 1402; x_wconf 94' lang='lat' dir='ltr'>et</span> <span class='ocrx_word' id='word_1_84' title='bbox 969 1348 1084 1419; x_wconf 89' lang='lat' dir='ltr'>protra-</span> 
     </span>
     <span class='ocr_line' id='line_1_15' title="bbox 663 1415 1083 1511; baseline -0.007 -18"><span class='ocrx_word' id='word_1_85' title='bbox 663 1415 1083 1511; x_wconf 51' lang='lat' dir='ltr'>hmanmm</span> 
     </span>
    </p>

    <p class='ocr_par' dir='ltr' id='par_1_4' title="bbox 62 1523 1125 1866">
     <span class='ocr_line' id='line_1_16' title="bbox 731 1523 1125 1600; baseline -0.01 -18"><span class='ocrx_word' id='word_1_86' title='bbox 731 1526 782 1582; x_wconf 90' lang='lat' dir='ltr'>tur</span> <span class='ocrx_word' id='word_1_87' title='bbox 788 1523 934 1600; x_wconf 84' lang='lat' dir='ltr'>trianguli</span> <span class='ocrx_word' id='word_1_88' title='bbox 942 1523 1012 1598; x_wconf 67' lang='lat' dir='ltr'>aba,</span> <span class='ocrx_word' id='word_1_89' title='bbox 1023 1540 1085 1596; x_wconf 69' lang='lat' dir='ltr'>azy</span> <span class='ocrx_word' id='word_1_90' title='bbox 1099 1538 1125 1578; x_wconf 85' lang='lat'>15</span> 
     </span>
     <span class='ocr_line' id='line_1_17' title="bbox 63 1611 1085 1688; baseline -0.002 -17"><span class='ocrx_word' id='word_1_91' title='bbox 63 1613 145 1671; x_wconf 88' lang='lat' dir='ltr'>sunt</span> <span class='ocrx_word' id='word_1_92' title='bbox 154 1612 285 1686; x_wconf 66' lang='lat' dir='ltr'>equales</span> <span class='ocrx_word' id='word_1_93' title='bbox 295 1611 436 1687; x_wconf 89' lang='lat' dir='ltr'>quoniam</span> <span class='ocrx_word' id='word_1_94' title='bbox 446 1615 517 1670; x_wconf 88' lang='lat' dir='ltr'>sunt</span> <span class='ocrx_word' id='word_1_95' title='bbox 527 1631 616 1687; x_wconf 92' lang='lat' dir='ltr'>super</span> <span class='ocrx_word' id='word_1_96' title='bbox 626 1613 698 1671; x_wconf 89' lang='lat' dir='ltr'>duas</span> <span class='ocrx_word' id='word_1_97' title='bbox 709 1613 830 1688; x_wconf 78' lang='lat' dir='ltr'>equales</span> <span class='ocrx_word' id='word_1_98' title='bbox 840 1612 933 1685; x_wconf 80' lang='lat' dir='ltr'>bases,</span> <span class='ocrx_word' id='word_1_99' title='bbox 944 1613 1085 1671; x_wconf 89' lang='lat' dir='ltr'>eteorum</span> 
     </span>
     <span class='ocr_line' id='line_1_18' title="bbox 62 1695 1085 1780; baseline -0.002 -21"><span class='ocrx_word' id='word_1_100' title='bbox 62 1699 201 1760; x_wconf 86' lang='lat' dir='ltr'>altitudo</span> <span class='ocrx_word' id='word_1_101' title='bbox 225 1703 270 1758; x_wconf 90' lang='lat' dir='ltr'>est</span> <span class='ocrx_word' id='word_1_102' title='bbox 292 1695 426 1780; x_wconf 78' lang='lat' dir='ltr'>(unum)</span> <span class='ocrx_word' id='word_1_103' title='bbox 443 1703 594 1777; x_wconf 79' lang='lat' dir='ltr'>punctum,</span> <span class='ocrx_word' id='word_1_104' title='bbox 615 1701 694 1776; x_wconf 84' lang='lat' dir='ltr'>quod</span> <span class='ocrx_word' id='word_1_105' title='bbox 717 1704 761 1760; x_wconf 89' lang='lat' dir='ltr'>est</span> <span class='ocrx_word' id='word_1_106' title='bbox 783 1704 927 1776; x_wconf 80' lang='lat' dir='ltr'>punctum</span> <span class='ocrx_word' id='word_1_107' title='bbox 950 1720 978 1775; x_wconf 82' lang='lat' dir='ltr'>a,</span> <span class='ocrx_word' id='word_1_108' title='bbox 1005 1699 1085 1776; x_wconf 84' lang='lat' dir='ltr'>quod</span> 
     </span>
     <span class='ocr_line' id='line_1_19' title="bbox 64 1784 1084 1866; baseline -0.002 -18"><span class='ocrx_word' id='word_1_109' title='bbox 64 1789 195 1865; x_wconf 88' lang='lat' dir='ltr'>quidem</span> <span class='ocrx_word' id='word_1_110' title='bbox 209 1789 346 1865; x_wconf 89' lang='lat' dir='ltr'>sequitur</span> <span class='ocrx_word' id='word_1_111' title='bbox 360 1810 394 1847; x_wconf 87' lang='lat' dir='ltr'>ex</span> <span class='ocrx_word' id='word_1_112' title='bbox 408 1789 583 1865; x_wconf 74' lang='lat' dir='ltr'>probatione</span> <span class='ocrx_word' id='word_1_113' title='bbox 597 1784 807 1866; x_wconf 73' lang='lat' dir='ltr'>&lt;fig1ne&gt;38⁸.</span> <span class='ocrx_word' id='word_1_114' title='bbox 831 1790 871 1848; x_wconf 82' lang='lat' dir='ltr'>Et</span> <span class='ocrx_word' id='word_1_115' title='bbox 881 1790 972 1847; x_wconf 90' lang='lat' dir='ltr'>etiam</span> <span class='ocrx_word' id='word_1_116' title='bbox 983 1809 1084 1849; x_wconf 89' lang='lat' dir='ltr'>seeun-</span> 
     </span>
    </p>
   </div>
   <div class='ocr_carea' id='block_1_4' title="bbox 60 1877 1125 3372">
    <p class='ocr_par' dir='ltr' id='par_1_5' title="bbox 60 1877 1125 3372">
     <span class='ocr_line' id='line_1_20' title="bbox 62 1877 1084 1956; baseline 0.002 -20"><span class='ocrx_word' id='word_1_117' title='bbox 62 1879 145 1936; x_wconf 89' lang='lat' dir='ltr'>dum</span> <span class='ocrx_word' id='word_1_118' title='bbox 154 1878 361 1953; x_wconf 72' lang='lat' dir='ltr'>probationem</span> <span class='ocrx_word' id='word_1_119' title='bbox 373 1878 467 1956; x_wconf 82' lang='lat' dir='ltr'>figure</span> <span class='ocrx_word' id='word_1_120' title='bbox 479 1880 541 1953; x_wconf 78' lang='lat'>380,</span> <span class='ocrx_word' id='word_1_121' title='bbox 557 1879 700 1954; x_wconf 89' lang='lat' dir='ltr'>qnoniam</span> <span class='ocrx_word' id='word_1_122' title='bbox 714 1878 772 1938; x_wconf 90' lang='lat' dir='ltr'>duo</span> <span class='ocrx_word' id='word_1_123' title='bbox 787 1877 932 1955; x_wconf 74' lang='lat' dir='ltr'>trianguli</span> <span class='ocrx_word' id='word_1_124' title='bbox 947 1880 1017 1952; x_wconf 73' lang='lat' dir='ltr'>bela,</span> <span class='ocrx_word' id='word_1_125' title='bbox 1026 1896 1084 1952; x_wconf 73' lang='lat' dir='ltr'>ape</span> 
     </span>
     <span class='ocr_line' id='line_1_21' title="bbox 62 1967 1125 2043; baseline -0.003 -17"><span class='ocrx_word' id='word_1_126' title='bbox 62 1970 144 2026; x_wconf 87' lang='lat' dir='ltr'>sunt</span> <span class='ocrx_word' id='word_1_127' title='bbox 167 1985 256 2041; x_wconf 89' lang='lat' dir='ltr'>supra</span> <span class='ocrx_word' id='word_1_128' title='bbox 279 1967 353 2025; x_wconf 85' lang='lat' dir='ltr'>duas</span> <span class='ocrx_word' id='word_1_129' title='bbox 375 1967 461 2026; x_wconf 88' lang='lat' dir='ltr'>bases</span> <span class='ocrx_word' id='word_1_130' title='bbox 485 1967 623 2042; x_wconf 62' lang='lat' dir='ltr'>equales</span> <span class='ocrx_word' id='word_1_131' title='bbox 638 1987 694 2043; x_wconf 93' lang='lat' dir='ltr'>que</span> <span class='ocrx_word' id='word_1_132' title='bbox 717 1969 788 2026; x_wconf 91' lang='lat' dir='ltr'>sunt</span> <span class='ocrx_word' id='word_1_133' title='bbox 811 1968 860 2041; x_wconf 79' lang='lat' dir='ltr'>br,</span> <span class='ocrx_word' id='word_1_134' title='bbox 883 1986 929 2041; x_wconf 75' lang='lat' dir='ltr'>ap,</span> <span class='ocrx_word' id='word_1_135' title='bbox 954 1969 984 2024; x_wconf 89' lang='lat' dir='ltr'>et</span> <span class='ocrx_word' id='word_1_136' title='bbox 1005 1967 1084 2025; x_wconf 88' lang='lat' dir='ltr'>inter</span> <span class='ocrx_word' id='word_1_137' title='bbox 1097 1984 1125 2023; x_wconf 79' lang='lat' dir='ltr'>ro</span> 
     </span>
     <span class='ocr_line' id='line_1_22' title="bbox 63 2054 1085 2140; baseline -0.001 -26"><span class='ocrx_word' id='word_1_138' title='bbox 63 2057 147 2114; x_wconf 85' lang='lat' dir='ltr'>duas</span> <span class='ocrx_word' id='word_1_139' title='bbox 171 2054 385 2140; x_wconf 77' lang='lat' dir='ltr'>equidistantes</span> <span class='ocrx_word' id='word_1_140' title='bbox 407 2054 502 2114; x_wconf 86' lang='lat' dir='ltr'>lineae</span> <span class='ocrx_word' id='word_1_141' title='bbox 525 2056 573 2130; x_wconf 76' lang='lat' dir='ltr'>tp,</span> <span class='ocrx_word' id='word_1_142' title='bbox 596 2058 643 2130; x_wconf 79' lang='lat' dir='ltr'>de,</span> <span class='ocrx_word' id='word_1_143' title='bbox 667 2075 736 2133; x_wconf 83' lang='lat' dir='ltr'>ergo</span> <span class='ocrx_word' id='word_1_144' title='bbox 758 2055 927 2133; x_wconf 81' lang='lat' dir='ltr'>triangulus</span> <span class='ocrx_word' id='word_1_145' title='bbox 951 2057 1013 2115; x_wconf 74' lang='lat' dir='ltr'>bela</span> <span class='ocrx_word' id='word_1_146' title='bbox 1040 2059 1085 2114; x_wconf 88' lang='lat' dir='ltr'>est</span> 
     </span>
     <span class='ocr_line' id='line_1_23' title="bbox 63 2143 1084 2221; baseline -0.002 -18"><span class='ocrx_word' id='word_1_147' title='bbox 63 2143 188 2220; x_wconf 85' lang='lat' dir='ltr'>equalis</span> <span class='ocrx_word' id='word_1_148' title='bbox 216 2144 368 2221; x_wconf 88' lang='lat' dir='ltr'>triangulo</span> <span class='ocrx_word' id='word_1_149' title='bbox 396 2162 460 2219; x_wconf 73' lang='lat' dir='ltr'>erp.</span> <span class='ocrx_word' id='word_1_150' title='bbox 512 2143 586 2203; x_wconf 75' lang='lat' dir='ltr'>(lum</span> <span class='ocrx_word' id='word_1_151' title='bbox 618 2163 687 2221; x_wconf 83' lang='lat' dir='ltr'>ergo</span> <span class='ocrx_word' id='word_1_152' title='bbox 719 2144 852 2202; x_wconf 88' lang='lat' dir='ltr'>minuero</span> <span class='ocrx_word' id='word_1_153' title='bbox 885 2162 934 2201; x_wconf 89' lang='lat' dir='ltr'>eas</span> <span class='ocrx_word' id='word_1_154' title='bbox 966 2144 1001 2201; x_wconf 91' lang='lat' dir='ltr'>de</span> <span class='ocrx_word' id='word_1_155' title='bbox 1031 2143 1084 2201; x_wconf 89' lang='lat' dir='ltr'>tri·</span> 
     </span>
     <span class='ocr_line' id='line_1_24' title="bbox 62 2232 1084 2310; baseline -0.002 -17"><span class='ocrx_word' id='word_1_156' title='bbox 62 2232 191 2310; x_wconf 81' lang='lat' dir='ltr'>angulis</span> <span class='ocrx_word' id='word_1_157' title='bbox 224 2233 380 2308; x_wconf 85' lang='lat' dir='ltr'>equalibus</span> <span class='ocrx_word' id='word_1_158' title='bbox 410 2235 484 2301; x_wconf 73' lang='lat' dir='ltr'>aba,</span> <span class='ocrx_word' id='word_1_159' title='bbox 518 2250 593 2307; x_wconf 70' lang='lat' dir='ltr'>azy,</span> <span class='ocrx_word' id='word_1_160' title='bbox 624 2232 788 2291; x_wconf 80' lang='lat' dir='ltr'>remanebit</span> <span class='ocrx_word' id='word_1_161' title='bbox 818 2233 988 2309; x_wconf 83' lang='lat' dir='ltr'>triangulus</span> <span class='ocrx_word' id='word_1_162' title='bbox 1020 2233 1084 2292; x_wconf 69' lang='lat' dir='ltr'>ada</span> 
     </span>
     <span class='ocr_line' id='line_1_25' title="bbox 62 2319 1083 2399; baseline -0.003 -19"><span class='ocrx_word' id='word_1_163' title='bbox 62 2319 186 2398; x_wconf 87' lang='lat' dir='ltr'>equalis</span> <span class='ocrx_word' id='word_1_164' title='bbox 208 2321 361 2399; x_wconf 79' lang='lat' dir='ltr'>triangulo</span> <span class='ocrx_word' id='word_1_165' title='bbox 381 2340 447 2382; x_wconf 77' lang='lat' dir='ltr'>oea.</span> <span class='ocrx_word' id='word_1_166' title='bbox 493 2322 534 2380; x_wconf 83' lang='lat' dir='ltr'>Et</span> <span class='ocrx_word' id='word_1_167' title='bbox 557 2321 627 2396; x_wconf 87' lang='lat' dir='ltr'>quia</span> <span class='ocrx_word' id='word_1_168' title='bbox 649 2321 728 2380; x_wconf 87' lang='lat' dir='ltr'>basis</span> <span class='ocrx_word' id='word_1_169' title='bbox 748 2321 888 2396; x_wconf 83' lang='lat' dir='ltr'>cuiusque</span> <span class='ocrx_word' id='word_1_170' title='bbox 906 2320 1013 2378; x_wconf 89' lang='lat' dir='ltr'>horum</span> <span class='ocrx_word' id='word_1_171' title='bbox 1031 2320 1083 2378; x_wconf 86' lang='lat' dir='ltr'>du-</span> 
     </span>
     <span class='ocr_line' id='line_1_26' title="bbox 63 2409 1123 2488; baseline -0.006 -18"><span class='ocrx_word' id='word_1_172' title='bbox 63 2429 157 2470; x_wconf 89' lang='lat' dir='ltr'>orum</span> <span class='ocrx_word' id='word_1_173' title='bbox 178 2410 398 2488; x_wconf 82' lang='lat' dir='ltr'>triangulorum</span> <span class='ocrx_word' id='word_1_174' title='bbox 421 2410 571 2486; x_wconf 89' lang='lat' dir='ltr'>equalium</span> <span class='ocrx_word' id='word_1_175' title='bbox 594 2413 639 2468; x_wconf 88' lang='lat' dir='ltr'>est</span> <span class='ocrx_word' id='word_1_176' title='bbox 660 2409 740 2483; x_wconf 87' lang='lat' dir='ltr'>linea</span> <span class='ocrx_word' id='word_1_177' title='bbox 763 2428 812 2484; x_wconf 72' lang='lat' dir='ltr'>aa,</span> <span class='ocrx_word' id='word_1_178' title='bbox 835 2413 865 2468; x_wconf 93' lang='lat' dir='ltr'>et</span> <span class='ocrx_word' id='word_1_179' title='bbox 883 2409 962 2467; x_wconf 89' lang='lat' dir='ltr'>linea</span> <span class='ocrx_word' id='word_1_180' title='bbox 981 2427 1020 2470; x_wconf 73' lang='lat' dir='ltr'>aa</span> <span class='ocrx_word' id='word_1_181' title='bbox 1039 2413 1084 2469; x_wconf 88' lang='lat' dir='ltr'>est</span> <span class='ocrx_word' id='word_1_182' title='bbox 1096 2425 1123 2465; x_wconf 79' lang='lat' dir='ltr'>ae</span> 
     </span>
     <span class='ocr_line' id='line_1_27' title="bbox 60 2497 1083 2575; baseline 0 -18"><span class='ocrx_word' id='word_1_183' title='bbox 60 2497 152 2558; x_wconf 86' lang='lat' dir='ltr'>basis</span> <span class='ocrx_word' id='word_1_184' title='bbox 166 2498 293 2556; x_wconf 89' lang='lat' dir='ltr'>duarum</span> <span class='ocrx_word' id='word_1_185' title='bbox 306 2499 527 2575; x_wconf 76' lang='lat' dir='ltr'>superficierum</span> <span class='ocrx_word' id='word_1_186' title='bbox 545 2498 790 2574; x_wconf 88' lang='lat' dir='ltr'>equidistantium</span> <span class='ocrx_word' id='word_1_187' title='bbox 807 2499 936 2557; x_wconf 89' lang='lat' dir='ltr'>laterum</span> <span class='ocrx_word' id='word_1_188' title='bbox 955 2500 998 2573; x_wconf 85' lang='lat' dir='ltr'>al,</span> <span class='ocrx_word' id='word_1_189' title='bbox 1017 2517 1083 2557; x_wconf 79' lang='lat' dir='ltr'>ora:</span> 
     </span>
     <span class='ocr_line' id='line_1_28' title="bbox 63 2587 1082 2664; baseline -0.001 -18"><span class='ocrx_word' id='word_1_190' title='bbox 63 2605 142 2664; x_wconf 84' lang='lat' dir='ltr'>ergo</span> <span class='ocrx_word' id='word_1_191' title='bbox 165 2606 342 2662; x_wconf 87' lang='lat' dir='ltr'>unaqueque</span> <span class='ocrx_word' id='word_1_192' title='bbox 361 2587 489 2646; x_wconf 86' lang='lat' dir='ltr'>duarum</span> <span class='ocrx_word' id='word_1_193' title='bbox 507 2587 727 2662; x_wconf 79' lang='lat' dir='ltr'>superficierum</span> <span class='ocrx_word' id='word_1_194' title='bbox 745 2587 992 2663; x_wconf 88' lang='lat' dir='ltr'>equidistantium</span> <span class='ocrx_word' id='word_1_195' title='bbox 1009 2587 1082 2645; x_wconf 89' lang='lat' dir='ltr'>late-</span> 
     </span>
     <span class='ocr_line' id='line_1_29' title="bbox 62 2677 1083 2754; baseline -0.003 -18"><span class='ocrx_word' id='word_1_196' title='bbox 62 2696 138 2736; x_wconf 87' lang='lat' dir='ltr'>rum</span> <span class='ocrx_word' id='word_1_197' title='bbox 160 2677 203 2750; x_wconf 85' lang='lat' dir='ltr'>al,</span> <span class='ocrx_word' id='word_1_198' title='bbox 227 2695 279 2735; x_wconf 82' lang='lat' dir='ltr'>om</span> <span class='ocrx_word' id='word_1_199' title='bbox 303 2679 348 2735; x_wconf 91' lang='lat' dir='ltr'>est</span> <span class='ocrx_word' id='word_1_200' title='bbox 370 2677 463 2752; x_wconf 86' lang='lat' dir='ltr'>dupla</span> <span class='ocrx_word' id='word_1_201' title='bbox 487 2677 533 2735; x_wconf 91' lang='lat' dir='ltr'>sui</span> <span class='ocrx_word' id='word_1_202' title='bbox 554 2677 707 2754; x_wconf 82' lang='lat' dir='ltr'>trianguli,</span> <span class='ocrx_word' id='word_1_203' title='bbox 731 2677 810 2752; x_wconf 91' lang='lat' dir='ltr'>quod</span> <span class='ocrx_word' id='word_1_204' title='bbox 834 2677 1025 2752; x_wconf 78' lang='lat' dir='ltr'>consequitur</span> <span class='ocrx_word' id='word_1_205' title='bbox 1048 2696 1083 2734; x_wconf 89' lang='lat' dir='ltr'>ex</span> 
     </span>
     <span class='ocr_line' id='line_1_30' title="bbox 63 2763 1083 2843; baseline -0.001 -19"><span class='ocrx_word' id='word_1_206' title='bbox 63 2763 245 2842; x_wconf 88' lang='lat' dir='ltr'>probatione</span> <span class='ocrx_word' id='word_1_207' title='bbox 263 2765 356 2843; x_wconf 85' lang='lat' dir='ltr'>figure</span> <span class='ocrx_word' id='word_1_208' title='bbox 376 2767 439 2824; x_wconf 75' lang='lat'>41⁰.</span> <span class='ocrx_word' id='word_1_209' title='bbox 477 2764 535 2823; x_wconf 85' lang='lat' dir='ltr'>Sed</span> <span class='ocrx_word' id='word_1_210' title='bbox 554 2784 610 2840; x_wconf 90' lang='lat' dir='ltr'>que</span> <span class='ocrx_word' id='word_1_211' title='bbox 628 2766 716 2824; x_wconf 90' lang='lat' dir='ltr'>unius</span> <span class='ocrx_word' id='word_1_212' title='bbox 738 2765 782 2823; x_wconf 91' lang='lat' dir='ltr'>rei</span> <span class='ocrx_word' id='word_1_213' title='bbox 800 2769 871 2824; x_wconf 93' lang='lat' dir='ltr'>sunt</span> <span class='ocrx_word' id='word_1_214' title='bbox 889 2765 990 2840; x_wconf 80' lang='lat' dir='ltr'>dupla,</span> <span class='ocrx_word' id='word_1_215' title='bbox 1015 2768 1083 2823; x_wconf 87' lang='lat' dir='ltr'>sunt</span> 
     </span>
     <span class='ocr_line' id='line_1_31' title="bbox 67 2852 1124 2932; baseline -0.004 -21"><span class='ocrx_word' id='word_1_216' title='bbox 67 2852 205 2929; x_wconf 88' lang='lat' dir='ltr'>equalia:</span> <span class='ocrx_word' id='word_1_217' title='bbox 229 2873 299 2931; x_wconf 83' lang='lat' dir='ltr'>ergo</span> <span class='ocrx_word' id='word_1_218' title='bbox 322 2854 635 2932; x_wconf 83' lang='lat' dir='ltr'>parallelogrammum</span> <span class='ocrx_word' id='word_1_219' title='bbox 658 2856 700 2929; x_wconf 83' lang='lat' dir='ltr'>ol,</span> <span class='ocrx_word' id='word_1_220' title='bbox 729 2856 773 2912; x_wconf 90' lang='lat' dir='ltr'>est</span> <span class='ocrx_word' id='word_1_221' title='bbox 796 2854 901 2929; x_wconf 92' lang='lat' dir='ltr'>equale</span> <span class='ocrx_word' id='word_1_222' title='bbox 924 2854 1081 2929; x_wconf 88' lang='lat' dir='ltr'>parallelo·</span> <span class='ocrx_word' id='word_1_223' title='bbox 1096 2869 1124 2908; x_wconf 89' lang='lat' dir='ltr'>eo</span> 
     </span>
     <span class='ocr_line' id='line_1_32' title="bbox 65 2942 1084 3021; baseline -0.002 -21"><span class='ocrx_word' id='word_1_224' title='bbox 65 2960 204 3021; x_wconf 84' lang='lat' dir='ltr'>gramme</span> <span class='ocrx_word' id='word_1_225' title='bbox 228 2961 289 3001; x_wconf 81' lang='lat' dir='ltr'>om.</span> <span class='ocrx_word' id='word_1_226' title='bbox 337 2942 395 3000; x_wconf 84' lang='lat' dir='ltr'>Sed</span> <span class='ocrx_word' id='word_1_227' title='bbox 416 2943 482 3018; x_wconf 91' lang='lat' dir='ltr'>ipsa</span> <span class='ocrx_word' id='word_1_228' title='bbox 506 2945 575 3001; x_wconf 92' lang='lat' dir='ltr'>sunt</span> <span class='ocrx_word' id='word_1_229' title='bbox 598 2962 686 3018; x_wconf 88' lang='lat' dir='ltr'>super</span> <span class='ocrx_word' id='word_1_230' title='bbox 705 2942 778 3002; x_wconf 86' lang='lat' dir='ltr'>duas</span> <span class='ocrx_word' id='word_1_231' title='bbox 797 2942 882 3001; x_wconf 88' lang='lat' dir='ltr'>bases</span> <span class='ocrx_word' id='word_1_232' title='bbox 901 2944 945 3016; x_wconf 75' lang='lat' dir='ltr'>la,</span> <span class='ocrx_word' id='word_1_233' title='bbox 967 2960 1029 3017; x_wconf 75' lang='lat' dir='ltr'>ero,</span> <span class='ocrx_word' id='word_1_234' title='bbox 1054 2944 1084 2999; x_wconf 98' lang='lat' dir='ltr'>et</span> 
     </span>
     <span class='ocr_line' id='line_1_33' title="bbox 63 3031 1083 3110; baseline -0.002 -20"><span class='ocrx_word' id='word_1_235' title='bbox 63 3033 148 3090; x_wconf 89' lang='lat' dir='ltr'>inter</span> <span class='ocrx_word' id='word_1_236' title='bbox 166 3031 241 3089; x_wconf 89' lang='lat' dir='ltr'>duas</span> <span class='ocrx_word' id='word_1_237' title='bbox 259 3031 354 3090; x_wconf 89' lang='lat' dir='ltr'>lineas</span> <span class='ocrx_word' id='word_1_238' title='bbox 373 3031 595 3107; x_wconf 87' lang='lat' dir='ltr'>equidistantes‚</span> <span class='ocrx_word' id='word_1_239' title='bbox 615 3051 684 3110; x_wconf 87' lang='lat' dir='ltr'>ergo</span> <span class='ocrx_word' id='word_1_240' title='bbox 703 3032 863 3091; x_wconf 86' lang='lat' dir='ltr'>seeundum</span> <span class='ocrx_word' id='word_1_241' title='bbox 876 3031 1083 3107; x_wconf 91' lang='lat' dir='ltr'>probationem</span> 
     </span>
     <span class='ocr_line' id='line_1_34' title="bbox 64 3119 1082 3198; baseline -0.002 -20"><span class='ocrx_word' id='word_1_242' title='bbox 64 3121 164 3198; x_wconf 83' lang='lat' dir='ltr'>figure</span> <span class='ocrx_word' id='word_1_243' title='bbox 185 3120 240 3178; x_wconf 70' lang='grc' dir='ltr'>38Θ</span> <span class='ocrx_word' id='word_1_244' title='bbox 262 3119 342 3179; x_wconf 89' lang='lat' dir='ltr'>basis</span> <span class='ocrx_word' id='word_1_245' title='bbox 366 3121 396 3180; x_wconf 79' lang='lat' dir='ltr'>br</span> <span class='ocrx_word' id='word_1_246' title='bbox 419 3123 463 3179; x_wconf 89' lang='lat' dir='ltr'>est</span> <span class='ocrx_word' id='word_1_247' title='bbox 487 3120 600 3196; x_wconf 89' lang='lat' dir='ltr'>equalis</span> <span class='ocrx_word' id='word_1_248' title='bbox 622 3121 687 3180; x_wconf 90' lang='lat' dir='ltr'>basi</span> <span class='ocrx_word' id='word_1_249' title='bbox 704 3139 762 3196; x_wconf 76' lang='lat' dir='ltr'>rm,</span> <span class='ocrx_word' id='word_1_250' title='bbox 787 3123 816 3178; x_wconf 90' lang='lat' dir='ltr'>et</span> <span class='ocrx_word' id='word_1_251' title='bbox 835 3121 997 3179; x_wconf 86' lang='lat' dir='ltr'>seeundum</span> <span class='ocrx_word' id='word_1_252' title='bbox 1015 3138 1082 3194; x_wconf 94' lang='lat' dir='ltr'>pro·</span> 
     </span>
     <span class='ocr_line' id='line_1_35' title="bbox 64 3208 1083 3286; baseline -0.002 -18"><span class='ocrx_word' id='word_1_253' title='bbox 64 3209 221 3268; x_wconf 87' lang='lat' dir='ltr'>bationem</span> <span class='ocrx_word' id='word_1_254' title='bbox 247 3208 341 3285; x_wconf 83' lang='lat' dir='ltr'>figure</span> <span class='ocrx_word' id='word_1_255' title='bbox 371 3210 425 3267; x_wconf 73' lang='grc' dir='ltr'>34θ</span> <span class='ocrx_word' id='word_1_256' title='bbox 454 3209 510 3268; x_wconf 90' lang='lat' dir='ltr'>erit</span> <span class='ocrx_word' id='word_1_257' title='bbox 536 3209 616 3267; x_wconf 89' lang='lat' dir='ltr'>linea</span> <span class='ocrx_word' id='word_1_258' title='bbox 645 3211 689 3269; x_wconf 82' lang='lat' dir='ltr'>db</span> <span class='ocrx_word' id='word_1_259' title='bbox 720 3209 833 3286; x_wconf 90' lang='lat' dir='ltr'>equalis</span> <span class='ocrx_word' id='word_1_260' title='bbox 865 3209 942 3267; x_wconf 92' lang='lat' dir='ltr'>linee</span> <span class='ocrx_word' id='word_1_261' title='bbox 974 3209 1038 3284; x_wconf 67' lang='lat' dir='ltr'>eb3&#39;</span> <span class='ocrx_word' id='word_1_262' title='bbox 1054 3211 1083 3266; x_wconf 89' lang='lat' dir='ltr'>et</span> 
     </span>
     <span class='ocr_line' id='line_1_36' title="bbox 63 3297 1122 3372; baseline 0 -16"><span class='ocrx_word' id='word_1_263' title='bbox 63 3298 145 3356; x_wconf 87' lang='lat' dir='ltr'>illud</span> <span class='ocrx_word' id='word_1_264' title='bbox 170 3299 223 3372; x_wconf 82' lang='lat' dir='ltr'>est,</span> <span class='ocrx_word' id='word_1_265' title='bbox 247 3297 327 3372; x_wconf 84' lang='lat' dir='ltr'>quod</span> <span class='ocrx_word' id='word_1_266' title='bbox 349 3297 550 3357; x_wconf 83' lang='lat' dir='ltr'>demonstrare</span> <span class='ocrx_word' id='word_1_267' title='bbox 573 3298 730 3357; x_wconf 83' lang='lat' dir='ltr'>voluimus.</span> <span class='ocrx_word' id='word_1_268' title='bbox 1096 3310 1122 3349; x_wconf 77' lang='lat'>³⁵</span> 
     </span>
    </p>
   </div>
   <div class='ocr_carea' id='block_1_5' title="bbox 135 3481 459 3550">
    <p class='ocr_par' dir='ltr' id='par_1_6' title="bbox 135 3481 459 3550">
     <span class='ocr_line' id='line_1_37' title="bbox 135 3481 459 3550; baseline 0.028 -15"><span class='ocrx_word' id='word_1_269' title='bbox 135 3489 176 3537; x_wconf 76' lang='lat'>26.</span> <span class='ocrx_word' id='word_1_270' title='bbox 197 3481 339 3550; x_wconf 69' lang='lat' dir='ltr'>equinista</span> <span class='ocrx_word' id='word_1_271' title='bbox 355 3484 459 3544; x_wconf 85' lang='lat' dir='ltr'>latera.</span> 
     </span>
    </p>
   </div>
   <div class='ocr_carea' id='block_1_6' title="bbox 0 0 1175 3834">
    <p class='ocr_par' dir='ltr' id='par_1_7' title="bbox 0 0 1175 3834">
     <span class='ocr_line' id='line_1_38' title="bbox 0 0 1175 3834; baseline 0 0"><span class='ocrx_word' id='word_1_272' title='bbox 0 0 1175 3834; x_wconf 95' lang='lat' dir='ltr'> </span> 
     </span>
    </p>
   </div>
  </div>
 </body>
</html>
