2340 3834
105 148 147 212 74
389 147 555 202 ANARITH
574 147 832 204 COMMENTARII

102 309 410 397 cesimoprim01),
429 318 528 377 loeus
548 317 714 393 sequitur
733 318 889 394 figuram
903 309 1116 398 decimam.²)

103 406 161 465 Sed
184 406 254 481 quia
278 406 339 464 eius
362 406 499 481 probatio
523 407 688 481 completur
709 408 778 482 post
800 406 876 464 hane
898 405 1033 483 figuram,
1056 406 1115 464 fuit

102 494 288 569 conueniens,
306 497 340 552 ut
358 494 412 553 hee
430 495 525 573 figura
544 498 716 570 sequeretur
736 496 823 570 31⁸¹¹¹‚
848 494 989 570 quoniam
1007 495 1111 555 divisio

100 584 177 642 linee
207 584 284 642 inter
311 585 430 659 equales
457 588 557 660 partes
586 587 632 643 est
659 584 878 643 neeessariam
901 582 999 661 figura
1022 583 1110 642 tereia

75 672 215 731 sdeeime
237 673 332 748 partis
355 676 443 732 sexte.

191 760 237 819 Sit
265 781 334 839 ergo
361 763 441 821 linea
468 764 523 838 ub,
550 780 641 838 supra
668 762 751 820 euius
779 761 837 821 <luo
864 763 977 837 puncta
1000 781 1020 822 u
1043 760 1106 820 etb

101 849 174 908 duas
199 851 312 928 erigam
335 850 601 927 perpendiculares,
631 853 801 926 quantaque
824 851 971 910 voluimus
995 850 1107 926 quanti

100 942 172 1014 tate,
197 959 254 1015 que
278 939 337 998 sint
355 959 408 1016 ap,
433 941 489 1014 bd,
513 943 544 998 et
566 941 626 998 sint
648 940 783 1015 equales
811 959 937 1015 quarum
965 955 1105 1016 quamque

100 1027 132 1085 in
155 1027 214 1087 duo
244 1028 341 1088 media
372 1029 404 1086 in
434 1030 552 1105 punctis
581 1031 647 1088 eet
670 1033 682 1087 t
703 1028 849 1104 dividam,
882 1032 912 1088 et
938 1029 1110 1104 protraham

60 2194 85 2234 10
99 2180 173 2238 duas
196 2180 290 2238 lineas
311 2182 355 2253 pt,
379 2181 426 2253 ed,
450 2181 480 2237 et
501 2179 662 2254 producam
686 2197 704 2237 a
726 2183 836 2254 puneto
859 2180 1004 2239 slineam
1027 2180 1105 2257 equi·

99 2268 260 2328 distantem
282 2267 395 2326 duabus
418 2268 712 2343 perpendicularibus
736 2287 792 2343 up,
816 2270 866 2327 bd.
913 2270 954 2327 Et
973 2270 1044 2346 quia
1066 2287 1105 2344 aq

99 2357 262 2433 equidistat
284 2358 340 2432 bu,
364 2356 476 2414 scilieet
491 2374 531 2431 pe
549 2357 713 2432 equidistat
730 2358 767 2416 td
786 2359 816 2415 et
839 2361 965 2433 equatur
988 2360 1024 2417 ei.
1068 2358 1106 2417 Et

96 2447 187 2519 linae,
216 2464 272 2521 que
300 2445 496 2522 coniungunt,
525 2446 605 2520 quod
628 2448 673 2504 est
699 2445 777 2504 inter
805 2447 1006 2506 extremitates
1036 2447 1105 2506 line·

97 2553 183 2592 arum
201 2533 445 2609 equidistantium
468 2537 498 2592 et
517 2534 675 2610 equalium,
699 2537 768 2593 sunt
786 2535 877 2593 etiam
895 2537 1018 2611 equales
1036 2531 1105 2614 <et>

58 2635 84 2676 15
99 2622 327 2699 equidistantes:
352 2641 421 2698 erge
444 2622 501 2680 due
524 2623 601 2682 linee
618 2627 662 2698 pt,
682 2625 721 2682 ed
740 2626 810 2681 sunt
829 2625 949 2699 equales
973 2628 1004 2683 et
1027 2624 1104 2701 equi-

97 2712 250 2770 distantes.
306 2710 363 2768 Sed
394 2710 473 2768 linea
499 2712 538 2771 alc
566 2712 627 2769 iam
658 2711 717 2770 fuit
747 2712 892 2786 preducta
924 2713 1105 2789 equidistans

97 2801 174 2859 liuee
200 2818 251 2875 pe,
280 2802 310 2857 et
335 2799 415 2858 linea
439 2818 480 2874 pr
507 2800 669 2876 equidistat
694 2799 772 2859 linee
800 2802 845 2876 ele,
873 2822 943 2879 erge
966 2802 1047 2862 linea
1069 2802 1105 2862 alt

98 2889 212 2965 equalis
236 2887 336 2947 existit
357 2888 434 2946 linee
455 2906 507 2964 pe,
531 2888 673 2964 quoniam
691 2889 790 2947 omnia
809 2889 866 2948 duo
885 2891 982 2949 latera
1006 2911 1103 2967 super-

168 3064 208 3182 32t
217 3059 248 3111 ut
270 3057 343 3112 hane
362 3057 480 3127 figuram
504 3059 667 3125 sequeretur
685 3062 741 3113 31⁸.
772 3090 802 3098 —
833 3064 910 3113 7-8.
935 3058 1102 3126 quantitatis

98 3144 151 3196 que
171 3146 215 3183 er.

169 3309 195 3375 1)
217 3305 353 3359 Eucmuas
371 3306 397 3375 Ι,
416 3311 463 3361 31:
491 3306 519 3360 A
534 3313 636 3376 puncto
659 3313 737 3361 extra
756 3308 856 3362 lineam
874 3309 936 3362 date
956 3308 1025 3363 linee
1039 3321 1099 3378 pra

92 3379 180 3447 posite
198 3379 404 3446 equitistaatem
421 3378 523 3432 ducere.

168 3450 195 3517 2)
218 3447 354 3502 Eucamas
373 3448 397 3517 I,
418 3454 464 3503 10:
492 3450 639 3517 Proposita
662 3449 735 3503 linea
757 3455 830 3504 reeta
852 3466 911 3503 eam
926 3467 977 3518 per
995 3448 1099 3520 equuleis

82 3519 214 3574 medere.
249 3519 355 3574 Textus
368 3519 519 3575 Humanam
535 3537 650 3591 prorsus
668 3518 764 3573 alinea
780 3522 825 3573 est
841 3537 861 3572 a
875 3523 958 3573 textu
971 3520 1097 3575 Armua
