<?xml version="1.0" encoding="UTF-8"?>
<!DOCTYPE html PUBLIC "-//W3C//DTD XHTML 1.0 Transitional//EN"
    "http://www.w3.org/TR/xhtml1/DTD/xhtml1-transitional.dtd">
<html xmlns="http://www.w3.org/1999/xhtml" xml:lang="en" lang="en">
 <head>
  <title>
</title>
<meta http-equiv="Content-Type" content="text/html;charset=utf-8" />
  <meta name='ocr-system' content='tesseract 3.04.00' />
  <meta name='ocr-capabilities' content='ocr_page ocr_carea ocr_par ocr_line ocrx_word'/>
</head>
<body>
  <div class='ocr_page' id='page_1' title='image "./euclidisoperaom14unkngoog_0121.png"; bbox 0 0 2316 3840; ppageno 0'>
   <div class='ocr_carea' id='block_1_1' title="bbox 105 189 801 254">
    <p class='ocr_par' dir='ltr' id='par_1_1' title="bbox 105 189 801 254">
     <span class='ocr_line' id='line_1_1' title="bbox 105 189 801 254; baseline 0.004 -12"><span class='ocrx_word' id='word_1_1' title='bbox 105 191 148 254; x_wconf 83' lang='lat'>84</span> <span class='ocrx_word' id='word_1_2' title='bbox 361 189 527 243; x_wconf 83' lang='lat' dir='ltr'><strong>ANARITII</strong></span> <span class='ocrx_word' id='word_1_3' title='bbox 545 189 801 245; x_wconf 69' lang='lat' dir='ltr'>conuiuarum</span> 
     </span>
    </p>
   </div>
   <div class='ocr_carea' id='block_1_2' title="bbox 62 357 1114 3364">
    <p class='ocr_par' dir='ltr' id='par_1_2' title="bbox 62 357 1114 3364">
     <span class='ocr_line' id='line_1_2' title="bbox 102 357 1114 437; baseline 0.006 -20"><span class='ocrx_word' id='word_1_4' title='bbox 102 358 216 434; x_wconf 83' lang='lat' dir='ltr'>equalis</span> <span class='ocrx_word' id='word_1_5' title='bbox 249 359 358 434; x_wconf 86' lang='lat' dir='ltr'>angulo</span> <span class='ocrx_word' id='word_1_6' title='bbox 391 363 454 418; x_wconf 76' lang='lat' dir='ltr'>taa.</span> <span class='ocrx_word' id='word_1_7' title='bbox 505 357 563 416; x_wconf 85' lang='lat' dir='ltr'>Sed</span> <span class='ocrx_word' id='word_1_8' title='bbox 590 359 716 436; x_wconf 89' lang='lat' dir='ltr'>angulus</span> <span class='ocrx_word' id='word_1_9' title='bbox 744 361 809 432; x_wconf 73' lang='lat' dir='ltr'>atq</span> <span class='ocrx_word' id='word_1_10' title='bbox 839 363 886 419; x_wconf 77' lang='lat' dir='ltr'>ost</span> <span class='ocrx_word' id='word_1_11' title='bbox 920 360 1039 437; x_wconf 77' lang='lat' dir='ltr'>equalis</span> <span class='ocrx_word' id='word_1_12' title='bbox 1070 379 1114 423; x_wconf 64' lang='lat' dir='ltr'>aaz</span> 
     </span>
     <span class='ocr_line' id='line_1_3' title="bbox 102 447 1114 528; baseline 0.002 -22"><span class='ocrx_word' id='word_1_13' title='bbox 102 448 171 524; x_wconf 89' lang='lat' dir='ltr'>gulo</span> <span class='ocrx_word' id='word_1_14' title='bbox 200 449 280 522; x_wconf 76' lang='lat' dir='ltr'>put,</span> <span class='ocrx_word' id='word_1_15' title='bbox 311 448 451 522; x_wconf 88' lang='lat' dir='ltr'>quoniam</span> <span class='ocrx_word' id='word_1_16' title='bbox 476 448 519 521; x_wconf 76' lang='lat' dir='ltr'>pt</span> <span class='ocrx_word' id='word_1_17' title='bbox 546 450 591 505; x_wconf 88' lang='lat' dir='ltr'>est</span> <span class='ocrx_word' id='word_1_18' title='bbox 618 447 870 524; x_wconf 73' lang='lat' dir='ltr'><strong>perpendicularis</strong></span> <span class='ocrx_word' id='word_1_19' title='bbox 904 448 938 507; x_wconf 94' lang='lat' dir='ltr'>in</span> <span class='ocrx_word' id='word_1_20' title='bbox 965 449 1114 528; x_wconf 76' lang='lat' dir='ltr'>triangula</span> 
     </span>
     <span class='ocr_line' id='line_1_4' title="bbox 102 524 1114 615; baseline 0.004 -20"><span class='ocrx_word' id='word_1_21' title='bbox 102 537 278 613; x_wconf 87' lang='lat' dir='ltr'>orthogonio</span> <span class='ocrx_word' id='word_1_22' title='bbox 302 539 379 610; x_wconf 75' lang='lat' dir='ltr'>obp:</span> <span class='ocrx_word' id='word_1_23' title='bbox 403 555 472 613; x_wconf 90' lang='lat' dir='ltr'>ergo</span> <span class='ocrx_word' id='word_1_24' title='bbox 496 537 623 614; x_wconf 88' lang='lat' dir='ltr'>angulus</span> <span class='ocrx_word' id='word_1_25' title='bbox 642 540 699 596; x_wconf 73' lang='lat' dir='ltr'>tra</span> <span class='ocrx_word' id='word_1_26' title='bbox 717 539 762 595; x_wconf 90' lang='lat' dir='ltr'>est</span> <span class='ocrx_word' id='word_1_27' title='bbox 781 537 895 612; x_wconf 77' lang='lat' dir='ltr'><strong>equalis</strong></span> <span class='ocrx_word' id='word_1_28' title='bbox 915 539 1030 615; x_wconf 90' lang='lat' dir='ltr'>angulo</span> <span class='ocrx_word' id='word_1_29' title='bbox 1046 524 1114 613; x_wconf 69' lang='grc' dir='ltr'>9αέ</span> 
     </span>
     <span class='ocr_line' id='line_1_5' title="bbox 102 625 1114 703; baseline 0.003 -20"><span class='ocrx_word' id='word_1_30' title='bbox 102 625 160 683; x_wconf 81' lang='lat' dir='ltr'>Sed</span> <span class='ocrx_word' id='word_1_31' title='bbox 191 625 318 702; x_wconf 84' lang='lat' dir='ltr'>angulus</span> <span class='ocrx_word' id='word_1_32' title='bbox 351 629 406 685; x_wconf 72' lang='lat' dir='ltr'>tra</span> <span class='ocrx_word' id='word_1_33' title='bbox 442 628 488 684; x_wconf 88' lang='lat' dir='ltr'>est</span> <span class='ocrx_word' id='word_1_34' title='bbox 520 625 634 700; x_wconf 88' lang='lat' dir='ltr'>equalis</span> <span class='ocrx_word' id='word_1_35' title='bbox 666 625 776 702; x_wconf 88' lang='lat' dir='ltr'>angulo</span> <span class='ocrx_word' id='word_1_36' title='bbox 807 643 876 701; x_wconf 76' lang='lat' dir='ltr'>saa,</span> <span class='ocrx_word' id='word_1_37' title='bbox 910 627 1056 703; x_wconf 88' lang='lat' dir='ltr'>quoniam</span> <span class='ocrx_word' id='word_1_38' title='bbox 1087 626 1114 697; x_wconf 76' lang='lat' dir='ltr'>il</span> 
     </span>
     <span class='ocr_line' id='line_1_6' title="bbox 75 714 1114 801; baseline 0.007 -35"><span class='ocrx_word' id='word_1_39' title='bbox 75 714 381 790; x_wconf 84' lang='lat' dir='ltr'>sparallelogrammo</span> <span class='ocrx_word' id='word_1_40' title='bbox 404 732 445 772; x_wconf 84' lang='lat' dir='ltr'>sa</span> <span class='ocrx_word' id='word_1_41' title='bbox 467 715 538 772; x_wconf 90' lang='lat' dir='ltr'>sunt</span> <span class='ocrx_word' id='word_1_42' title='bbox 559 717 709 789; x_wconf 77' lang='lat' dir='ltr'>protracte</span> <span class='ocrx_word' id='word_1_43' title='bbox 727 714 784 772; x_wconf 92' lang='lat' dir='ltr'>due</span> <span class='ocrx_word' id='word_1_44' title='bbox 802 714 944 773; x_wconf 83' lang='lat' dir='ltr'>diametri</span> <span class='ocrx_word' id='word_1_45' title='bbox 961 733 1012 791; x_wconf 86' lang='lat' dir='ltr'>as,</span> <span class='ocrx_word' id='word_1_46' title='bbox 1034 720 1067 776; x_wconf 75' lang='lat' dir='ltr'>at</span> <span class='ocrx_word' id='word_1_47' title='bbox 1085 716 1114 801; x_wconf 54' lang='lat' dir='ltr'>q</span> 
     </span>
     <span class='ocr_line' id='line_1_7' title="bbox 101 802 1082 878; baseline 0.003 -17"><span class='ocrx_word' id='word_1_48' title='bbox 101 821 191 878; x_wconf 90' lang='lat' dir='ltr'>supra</span> <span class='ocrx_word' id='word_1_49' title='bbox 209 806 353 878; x_wconf 89' lang='lat' dir='ltr'>punetum</span> <span class='ocrx_word' id='word_1_50' title='bbox 371 804 391 861; x_wconf 86' lang='lat' dir='ltr'>d</span> <span class='ocrx_word' id='word_1_51' title='bbox 409 805 551 878; x_wconf 84' lang='lat' dir='ltr'>secantes,</span> <span class='ocrx_word' id='word_1_52' title='bbox 570 804 601 860; x_wconf 91' lang='lat' dir='ltr'>et</span> <span class='ocrx_word' id='word_1_53' title='bbox 618 802 653 861; x_wconf 90' lang='lat' dir='ltr'>fit</span> <span class='ocrx_word' id='word_1_54' title='bbox 670 803 751 861; x_wconf 90' lang='lat' dir='ltr'>linea</span> <span class='ocrx_word' id='word_1_55' title='bbox 767 805 809 863; x_wconf 74' lang='lat' dir='ltr'>sd</span> <span class='ocrx_word' id='word_1_56' title='bbox 831 803 948 878; x_wconf 82' lang='lat' dir='ltr'>equalis</span> <span class='ocrx_word' id='word_1_57' title='bbox 968 804 1048 862; x_wconf 90' lang='lat' dir='ltr'>linee</span> <span class='ocrx_word' id='word_1_58' title='bbox 1061 821 1082 864; x_wconf 87' lang='lat' dir='ltr'>a</span> 
     </span>
     <span class='ocr_line' id='line_1_8' title="bbox 101 802 1114 1043; baseline 0.002 -93"><span class='ocrx_word' id='word_1_59' title='bbox 101 911 171 969; x_wconf 89' lang='lat' dir='ltr'>ergo</span> <span class='ocrx_word' id='word_1_60' title='bbox 204 892 330 967; x_wconf 89' lang='lat' dir='ltr'>angulus</span> <span class='ocrx_word' id='word_1_61' title='bbox 361 909 422 951; x_wconf 72' lang='lat' dir='ltr'>aar</span> <span class='ocrx_word' id='word_1_62' title='bbox 453 895 499 949; x_wconf 91' lang='lat' dir='ltr'>est</span> <span class='ocrx_word' id='word_1_63' title='bbox 531 891 644 966; x_wconf 87' lang='lat' dir='ltr'>equalis</span> <span class='ocrx_word' id='word_1_64' title='bbox 681 892 793 969; x_wconf 90' lang='lat' dir='ltr'>angulo</span> <span class='ocrx_word' id='word_1_65' title='bbox 823 893 899 965; x_wconf 68' lang='lat' dir='ltr'>gala</span> <span class='ocrx_word' id='word_1_66' title='bbox 959 802 1114 1043; x_wconf 61' lang='lat' dir='ltr'>desumi</span> 
     </span>
     <span class='ocr_line' id='line_1_9' title="bbox 102 968 1114 1067; baseline 0.003 -29"><span class='ocrx_word' id='word_1_67' title='bbox 102 983 201 1038; x_wconf 89' lang='lat' dir='ltr'>autem</span> <span class='ocrx_word' id='word_1_68' title='bbox 225 981 367 1058; x_wconf 84' lang='lat' dir='ltr'>angulum</span> <span class='ocrx_word' id='word_1_69' title='bbox 389 999 452 1054; x_wconf 75' lang='lat' dir='ltr'>sap</span> <span class='ocrx_word' id='word_1_70' title='bbox 475 999 671 1056; x_wconf 83' lang='lat' dir='ltr'>communem,</span> <span class='ocrx_word' id='word_1_71' title='bbox 700 1000 770 1057; x_wconf 90' lang='lat' dir='ltr'>ergo</span> <span class='ocrx_word' id='word_1_72' title='bbox 798 979 969 1040; x_wconf 80' lang='lat' dir='ltr'>coniunctio</span> <span class='ocrx_word' id='word_1_73' title='bbox 995 982 1054 1042; x_wconf 91' lang='lat' dir='ltr'>duo</span> <span class='ocrx_word' id='word_1_74' title='bbox 1099 968 1114 1067; x_wconf 45' lang='grc' dir='ltr'>Ἰ</span> 
     </span>
     <span class='ocr_line' id='line_1_10' title="bbox 102 1069 1114 1147; baseline 0.002 -20"><span class='ocrx_word' id='word_1_75' title='bbox 102 1070 280 1147; x_wconf 89' lang='lat' dir='ltr'>angulorum</span> <span class='ocrx_word' id='word_1_76' title='bbox 302 1088 372 1143; x_wconf 73' lang='lat' dir='ltr'>sue,</span> <span class='ocrx_word' id='word_1_77' title='bbox 394 1088 457 1143; x_wconf 78' lang='lat' dir='ltr'>sap</span> <span class='ocrx_word' id='word_1_78' title='bbox 480 1071 525 1127; x_wconf 92' lang='lat' dir='ltr'>est</span> <span class='ocrx_word' id='word_1_79' title='bbox 548 1069 662 1144; x_wconf 89' lang='lat' dir='ltr'>equalis</span> <span class='ocrx_word' id='word_1_80' title='bbox 686 1069 887 1129; x_wconf 81' lang='lat' dir='ltr'>coniunctioni</span> <span class='ocrx_word' id='word_1_81' title='bbox 915 1069 1045 1128; x_wconf 88' lang='lat' dir='ltr'>duorum</span> <span class='ocrx_word' id='word_1_82' title='bbox 1065 1084 1114 1141; x_wconf 65' lang='lat' dir='ltr'>auq&#39;</span> 
     </span>
     <span class='ocr_line' id='line_1_11' title="bbox 62 1154 1114 1236; baseline 0.005 -25"><span class='ocrx_word' id='word_1_83' title='bbox 62 1172 88 1211; x_wconf 88' lang='lat'>10</span> <span class='ocrx_word' id='word_1_84' title='bbox 102 1159 239 1236; x_wconf 85' lang='lat' dir='ltr'>gulorum</span> <span class='ocrx_word' id='word_1_85' title='bbox 256 1177 342 1232; x_wconf 74' lang='lat' dir='ltr'>moy,</span> <span class='ocrx_word' id='word_1_86' title='bbox 358 1176 429 1232; x_wconf 76' lang='lat' dir='ltr'>pos.</span> <span class='ocrx_word' id='word_1_87' title='bbox 467 1157 527 1216; x_wconf 85' lang='lat' dir='ltr'>Sed</span> <span class='ocrx_word' id='word_1_88' title='bbox 544 1158 704 1216; x_wconf 84' lang='lat' dir='ltr'>seeundum</span> <span class='ocrx_word' id='word_1_89' title='bbox 721 1157 929 1234; x_wconf 79' lang='lat' dir='ltr'>probationem</span> <span class='ocrx_word' id='word_1_90' title='bbox 946 1157 1045 1236; x_wconf 88' lang='lat' dir='ltr'>figure</span> <span class='ocrx_word' id='word_1_91' title='bbox 1064 1154 1114 1223; x_wconf 57' lang='lat'>13¹,</span> 
     </span>
     <span class='ocr_line' id='line_1_12' title="bbox 102 1230 1114 1323; baseline 0 -16"><span class='ocrx_word' id='word_1_92' title='bbox 102 1246 269 1307; x_wconf 80' lang='lat' dir='ltr'>coniunctio</span> <span class='ocrx_word' id='word_1_93' title='bbox 293 1247 420 1304; x_wconf 91' lang='lat' dir='ltr'>duorum</span> <span class='ocrx_word' id='word_1_94' title='bbox 442 1247 621 1323; x_wconf 85' lang='lat' dir='ltr'>angulorum</span> <span class='ocrx_word' id='word_1_95' title='bbox 643 1265 717 1322; x_wconf 73' lang='lat' dir='ltr'>sas,</span> <span class='ocrx_word' id='word_1_96' title='bbox 743 1263 808 1320; x_wconf 72' lang='lat' dir='ltr'>say</span> <span class='ocrx_word' id='word_1_97' title='bbox 835 1249 880 1305; x_wconf 87' lang='lat' dir='ltr'>est</span> <span class='ocrx_word' id='word_1_98' title='bbox 909 1247 1028 1322; x_wconf 88' lang='lat' dir='ltr'>equalis</span> <span class='ocrx_word' id='word_1_99' title='bbox 1050 1230 1114 1309; x_wconf 72' lang='lat' dir='ltr'>eon-r¹</span> 
     </span>
     <span class='ocr_line' id='line_1_13' title="bbox 100 1318 1114 1427; baseline 0 -33"><span class='ocrx_word' id='word_1_100' title='bbox 100 1336 246 1395; x_wconf 84' lang='lat' dir='ltr'>iunctioni</span> <span class='ocrx_word' id='word_1_101' title='bbox 274 1336 399 1395; x_wconf 88' lang='lat' dir='ltr'>duomm</span> <span class='ocrx_word' id='word_1_102' title='bbox 425 1339 587 1413; x_wconf 89' lang='lat' dir='ltr'>reetorum,</span> <span class='ocrx_word' id='word_1_103' title='bbox 621 1353 690 1413; x_wconf 90' lang='lat' dir='ltr'>ergo</span> <span class='ocrx_word' id='word_1_104' title='bbox 724 1334 883 1394; x_wconf 84' lang='lat' dir='ltr'>seeundum</span> <span class='ocrx_word' id='word_1_105' title='bbox 910 1318 1114 1427; x_wconf 55' lang='lat' dir='ltr'>probationem}</span> 
     </span>
     <span class='ocr_line' id='line_1_14' title="bbox 100 1423 1114 1502; baseline 0.001 -20"><span class='ocrx_word' id='word_1_106' title='bbox 100 1426 194 1502; x_wconf 82' lang='lat' dir='ltr'>figure</span> <span class='ocrx_word' id='word_1_107' title='bbox 215 1426 269 1482; x_wconf 81' lang='grc' dir='ltr'>14θ</span> <span class='ocrx_word' id='word_1_108' title='bbox 287 1425 367 1482; x_wconf 88' lang='lat' dir='ltr'>linea</span> <span class='ocrx_word' id='word_1_109' title='bbox 389 1442 463 1483; x_wconf 82' lang='lat' dir='ltr'>sam</span> <span class='ocrx_word' id='word_1_110' title='bbox 486 1426 531 1482; x_wconf 91' lang='lat' dir='ltr'>est</span> <span class='ocrx_word' id='word_1_111' title='bbox 553 1427 647 1500; x_wconf 86' lang='lat' dir='ltr'>reeta,</span> <span class='ocrx_word' id='word_1_112' title='bbox 672 1426 702 1482; x_wconf 91' lang='lat' dir='ltr'>et</span> <span class='ocrx_word' id='word_1_113' title='bbox 724 1426 770 1483; x_wconf 91' lang='lat' dir='ltr'>est</span> <span class='ocrx_word' id='word_1_114' title='bbox 791 1423 937 1482; x_wconf 74' lang='lat' dir='ltr'>diameter</span> <span class='ocrx_word' id='word_1_115' title='bbox 960 1423 1114 1499; x_wconf 63' lang='lat' dir='ltr'>parallelol</span> 
     </span>
     <span class='ocr_line' id='line_1_15' title="bbox 101 1498 1114 1591; baseline -0.001 -19"><span class='ocrx_word' id='word_1_116' title='bbox 101 1514 227 1591; x_wconf 90' lang='lat' dir='ltr'>grammi</span> <span class='ocrx_word' id='word_1_117' title='bbox 257 1532 313 1572; x_wconf 82' lang='lat' dir='ltr'>sm.</span> <span class='ocrx_word' id='word_1_118' title='bbox 371 1512 537 1572; x_wconf 84' lang='lat' dir='ltr'>Secundum</span> <span class='ocrx_word' id='word_1_119' title='bbox 573 1513 779 1588; x_wconf 86' lang='lat' dir='ltr'>probationem</span> <span class='ocrx_word' id='word_1_120' title='bbox 813 1512 908 1588; x_wconf 91' lang='lat' dir='ltr'>igitur</span> <span class='ocrx_word' id='word_1_121' title='bbox 939 1512 1037 1590; x_wconf 84' lang='lat' dir='ltr'>figure</span> <span class='ocrx_word' id='word_1_122' title='bbox 1063 1498 1114 1571; x_wconf 60' lang='grc'>488</span> 
     </span>
     <span class='ocr_line' id='line_1_16' title="bbox 62 1601 1114 1683; baseline -0.001 -22"><span class='ocrx_word' id='word_1_123' title='bbox 62 1614 87 1653; x_wconf 85' lang='lat'>15</span> <span class='ocrx_word' id='word_1_124' title='bbox 102 1604 340 1679; x_wconf 88' lang='lat' dir='ltr'>supplementum</span> <span class='ocrx_word' id='word_1_125' title='bbox 363 1620 407 1661; x_wconf 79' lang='lat' dir='ltr'>aa</span> <span class='ocrx_word' id='word_1_126' title='bbox 430 1605 475 1660; x_wconf 89' lang='lat' dir='ltr'>est</span> <span class='ocrx_word' id='word_1_127' title='bbox 499 1602 614 1677; x_wconf 88' lang='lat' dir='ltr'>equalis</span> <span class='ocrx_word' id='word_1_128' title='bbox 634 1602 839 1676; x_wconf 90' lang='lat' dir='ltr'>supplemento</span> <span class='ocrx_word' id='word_1_129' title='bbox 858 1619 909 1674; x_wconf 84' lang='lat' dir='ltr'>oq.</span> <span class='ocrx_word' id='word_1_130' title='bbox 953 1601 1114 1683; x_wconf 60' lang='lat' dir='ltr'>Assumptd¹</span> 
     </span>
     <span class='ocr_line' id='line_1_17' title="bbox 101 1688 1114 1766; baseline 0.004 -17"><span class='ocrx_word' id='word_1_131' title='bbox 101 1691 204 1766; x_wconf 90' lang='lat' dir='ltr'>itaque</span> <span class='ocrx_word' id='word_1_132' title='bbox 228 1690 380 1766; x_wconf 82' lang='lat' dir='ltr'>superficie</span> <span class='ocrx_word' id='word_1_133' title='bbox 410 1709 463 1749; x_wconf 82' lang='lat' dir='ltr'>am</span> <span class='ocrx_word' id='word_1_134' title='bbox 486 1691 633 1749; x_wconf 79' lang='lat' dir='ltr'>communi</span> <span class='ocrx_word' id='word_1_135' title='bbox 657 1690 714 1748; x_wconf 92' lang='lat' dir='ltr'>erit</span> <span class='ocrx_word' id='word_1_136' title='bbox 743 1689 912 1765; x_wconf 79' lang='lat' dir='ltr'>superficies</span> <span class='ocrx_word' id='word_1_137' title='bbox 934 1695 983 1748; x_wconf 80' lang='lat' dir='ltr'>ml</span> <span class='ocrx_word' id='word_1_138' title='bbox 1007 1688 1114 1766; x_wconf 66' lang='lat' dir='ltr'>equali!¹</span> 
     </span>
     <span class='ocr_line' id='line_1_18' title="bbox 102 1766 1114 1856; baseline -0.002 -19"><span class='ocrx_word' id='word_1_139' title='bbox 102 1779 267 1854; x_wconf 84' lang='lat' dir='ltr'>superficiei</span> <span class='ocrx_word' id='word_1_140' title='bbox 293 1798 355 1855; x_wconf 74' lang='lat' dir='ltr'>raa,</span> <span class='ocrx_word' id='word_1_141' title='bbox 385 1782 415 1837; x_wconf 91' lang='lat' dir='ltr'>et</span> <span class='ocrx_word' id='word_1_142' title='bbox 443 1780 513 1854; x_wconf 89' lang='lat' dir='ltr'>quia</span> <span class='ocrx_word' id='word_1_143' title='bbox 539 1798 581 1839; x_wconf 73' lang='lat' dir='ltr'>aa</span> <span class='ocrx_word' id='word_1_144' title='bbox 609 1783 654 1838; x_wconf 90' lang='lat' dir='ltr'>est</span> <span class='ocrx_word' id='word_1_145' title='bbox 680 1779 1010 1856; x_wconf 79' lang='lat' dir='ltr'>parallelogrammum,</span> <span class='ocrx_word' id='word_1_146' title='bbox 1037 1766 1114 1837; x_wconf 71' lang='lat' dir='ltr'>eun</span> 
     </span>
     <span class='ocr_line' id='line_1_19' title="bbox 103 1858 1114 1947; baseline 0.002 -22"><span class='ocrx_word' id='word_1_147' title='bbox 103 1868 264 1926; x_wconf 87' lang='lat' dir='ltr'>diametrus</span> <span class='ocrx_word' id='word_1_148' title='bbox 289 1887 325 1942; x_wconf 78' lang='lat' dir='ltr'>ep</span> <span class='ocrx_word' id='word_1_149' title='bbox 348 1867 458 1942; x_wconf 82' lang='lat' dir='ltr'>existit,</span> <span class='ocrx_word' id='word_1_150' title='bbox 481 1871 511 1926; x_wconf 88' lang='lat' dir='ltr'>et</span> <span class='ocrx_word' id='word_1_151' title='bbox 533 1871 603 1926; x_wconf 91' lang='lat' dir='ltr'>sunt</span> <span class='ocrx_word' id='word_1_152' title='bbox 626 1888 643 1925; x_wconf 87' lang='lat' dir='ltr'>a</span> <span class='ocrx_word' id='word_1_153' title='bbox 667 1867 781 1926; x_wconf 90' lang='lat' dir='ltr'>duabus</span> <span class='ocrx_word' id='word_1_154' title='bbox 806 1866 942 1943; x_wconf 90' lang='lat' dir='ltr'>partibus</span> <span class='ocrx_word' id='word_1_155' title='bbox 965 1867 1049 1926; x_wconf 91' lang='lat' dir='ltr'>illius</span> <span class='ocrx_word' id='word_1_156' title='bbox 1069 1858 1114 1947; x_wconf 63' lang='lat' dir='ltr'>aas:</span> 
     </span>
     <span class='ocr_line' id='line_1_20' title="bbox 104 1956 1114 2033; baseline 0.001 -20"><span class='ocrx_word' id='word_1_157' title='bbox 104 1960 133 2014; x_wconf 92' lang='lat' dir='ltr'>et</span> <span class='ocrx_word' id='word_1_158' title='bbox 162 1976 217 2016; x_wconf 78' lang='lat' dir='ltr'>ma</span> <span class='ocrx_word' id='word_1_159' title='bbox 245 1957 574 2033; x_wconf 84' lang='lat' dir='ltr'>parallelogrammata,</span> <span class='ocrx_word' id='word_1_160' title='bbox 605 1975 661 2031; x_wconf 92' lang='lat' dir='ltr'>que</span> <span class='ocrx_word' id='word_1_161' title='bbox 692 1959 762 2015; x_wconf 91' lang='lat' dir='ltr'>sunt</span> <span class='ocrx_word' id='word_1_162' title='bbox 791 1956 1016 2032; x_wconf 89' lang='lat' dir='ltr'>supplementa,</span> <span class='ocrx_word' id='word_1_163' title='bbox 1049 1960 1114 2032; x_wconf 77' lang='lat' dir='ltr'>erga]</span> 
     </span>
     <span class='ocr_line' id='line_1_21' title="bbox 62 2040 1114 2121; baseline -0.002 -17"><span class='ocrx_word' id='word_1_164' title='bbox 62 2059 88 2098; x_wconf 80' lang='lat'>20</span> <span class='ocrx_word' id='word_1_165' title='bbox 102 2048 340 2121; x_wconf 89' lang='lat' dir='ltr'>supplementum</span> <span class='ocrx_word' id='word_1_166' title='bbox 361 2063 411 2105; x_wconf 75' lang='lat' dir='ltr'>sm</span> <span class='ocrx_word' id='word_1_167' title='bbox 435 2048 480 2103; x_wconf 88' lang='lat' dir='ltr'>est</span> <span class='ocrx_word' id='word_1_168' title='bbox 507 2045 612 2121; x_wconf 90' lang='lat' dir='ltr'>equale</span> <span class='ocrx_word' id='word_1_169' title='bbox 636 2045 840 2120; x_wconf 90' lang='lat' dir='ltr'>supplemento</span> <span class='ocrx_word' id='word_1_170' title='bbox 863 2063 926 2104; x_wconf 76' lang='lat' dir='ltr'>ma.</span> <span class='ocrx_word' id='word_1_171' title='bbox 976 2044 1036 2104; x_wconf 84' lang='lat' dir='ltr'>Sed</span> <span class='ocrx_word' id='word_1_172' title='bbox 1058 2040 1114 2113; x_wconf 64' lang='lat' dir='ltr'>iam}</span> 
     </span>
     <span class='ocr_line' id='line_1_22' title="bbox 102 2118 1114 2279; baseline -0.001 -87"><span class='ocrx_word' id='word_1_173' title='bbox 102 2136 160 2193; x_wconf 91' lang='lat' dir='ltr'>fuit</span> <span class='ocrx_word' id='word_1_174' title='bbox 189 2138 353 2209; x_wconf 87' lang='lat' dir='ltr'>ostensum,</span> <span class='ocrx_word' id='word_1_175' title='bbox 386 2134 466 2209; x_wconf 94' lang='lat' dir='ltr'>quod</span> <span class='ocrx_word' id='word_1_176' title='bbox 498 2133 665 2209; x_wconf 82' lang='lat' dir='ltr'>superficies</span> <span class='ocrx_word' id='word_1_177' title='bbox 696 2152 747 2194; x_wconf 78' lang='lat' dir='ltr'>sm</span> <span class='ocrx_word' id='word_1_178' title='bbox 777 2136 822 2191; x_wconf 89' lang='lat' dir='ltr'>est</span> <span class='ocrx_word' id='word_1_179' title='bbox 854 2133 970 2208; x_wconf 85' lang='lat' dir='ltr'>equalis</span> <span class='ocrx_word' id='word_1_180' title='bbox 1004 2118 1114 2279; x_wconf 55' lang='lat' dir='ltr'>supplqj</span> 
     </span>
     <span class='ocr_line' id='line_1_23' title="bbox 101 2221 1107 2300; baseline -0.001 -18"><span class='ocrx_word' id='word_1_181' title='bbox 101 2227 201 2283; x_wconf 90' lang='lat' dir='ltr'>mento</span> <span class='ocrx_word' id='word_1_182' title='bbox 224 2228 277 2298; x_wconf 77' lang='lat' dir='ltr'>lat,</span> <span class='ocrx_word' id='word_1_183' title='bbox 301 2243 371 2300; x_wconf 87' lang='lat' dir='ltr'>ergo</span> <span class='ocrx_word' id='word_1_184' title='bbox 395 2222 561 2297; x_wconf 82' lang='lat' dir='ltr'>superficies</span> <span class='ocrx_word' id='word_1_185' title='bbox 584 2241 640 2281; x_wconf 79' lang='lat' dir='ltr'>mn</span> <span class='ocrx_word' id='word_1_186' title='bbox 663 2224 707 2281; x_wconf 90' lang='lat' dir='ltr'>est</span> <span class='ocrx_word' id='word_1_187' title='bbox 730 2221 845 2298; x_wconf 87' lang='lat' dir='ltr'>equalis</span> <span class='ocrx_word' id='word_1_188' title='bbox 872 2221 1041 2297; x_wconf 82' lang='lat' dir='ltr'>superficiei</span> <span class='ocrx_word' id='word_1_189' title='bbox 1062 2222 1107 2280; x_wconf 64' lang='grc' dir='ltr'>η’</span> 
     </span>
     <span class='ocr_line' id='line_1_24' title="bbox 103 2277 1114 2397; baseline -0.001 -26"><span class='ocrx_word' id='word_1_190' title='bbox 103 2332 172 2390; x_wconf 90' lang='lat' dir='ltr'>ergo</span> <span class='ocrx_word' id='word_1_191' title='bbox 206 2312 366 2370; x_wconf 84' lang='lat' dir='ltr'>seeundum</span> <span class='ocrx_word' id='word_1_192' title='bbox 398 2311 478 2387; x_wconf 92' lang='lat' dir='ltr'>quod</span> <span class='ocrx_word' id='word_1_193' title='bbox 510 2311 733 2386; x_wconf 84' lang='lat' dir='ltr'>explanavimus</span> <span class='ocrx_word' id='word_1_194' title='bbox 765 2310 796 2368; x_wconf 91' lang='lat' dir='ltr'>in</span> <span class='ocrx_word' id='word_1_195' title='bbox 828 2310 997 2369; x_wconf 90' lang='lat' dir='ltr'>intentione</span> <span class='ocrx_word' id='word_1_196' title='bbox 1029 2277 1114 2397; x_wconf 57' lang='lat' dir='ltr'>ared</span> 
     </span>
     <span class='ocr_line' id='line_1_25' title="bbox 103 2399 1114 2485; baseline 0.002 -28"><span class='ocrx_word' id='word_1_197' title='bbox 103 2402 210 2458; x_wconf 88' lang='lat' dir='ltr'>harum</span> <span class='ocrx_word' id='word_1_198' title='bbox 231 2401 323 2459; x_wconf 91' lang='lat' dir='ltr'>trium</span> <span class='ocrx_word' id='word_1_199' title='bbox 344 2401 544 2459; x_wconf 89' lang='lat' dir='ltr'>intentionum</span> <span class='ocrx_word' id='word_1_200' title='bbox 562 2400 649 2458; x_wconf 89' lang='lat' dir='ltr'>huius</span> <span class='ocrx_word' id='word_1_201' title='bbox 667 2399 770 2475; x_wconf 87' lang='lat' dir='ltr'>figure,</span> <span class='ocrx_word' id='word_1_202' title='bbox 793 2417 867 2474; x_wconf 93' lang='lat' dir='ltr'>quas</span> <span class='ocrx_word' id='word_1_203' title='bbox 886 2399 1114 2485; x_wconf 66' lang='lat' dir='ltr'>explanaviruaflj</span> 
     </span>
     <span class='ocr_line' id='line_1_26' title="bbox 64 2487 1114 2562; baseline 0.003 -16"><span class='ocrx_word' id='word_1_204' title='bbox 64 2499 90 2538; x_wconf 75' lang='lat'>2⁵</span> <span class='ocrx_word' id='word_1_205' title='bbox 105 2489 161 2547; x_wconf 90' lang='lat' dir='ltr'>erit</span> <span class='ocrx_word' id='word_1_206' title='bbox 193 2491 268 2546; x_wconf 78' lang='lat' dir='ltr'>brat</span> <span class='ocrx_word' id='word_1_207' title='bbox 294 2489 374 2546; x_wconf 91' lang='lat' dir='ltr'>linea</span> <span class='ocrx_word' id='word_1_208' title='bbox 405 2493 499 2561; x_wconf 81' lang='lat' dir='ltr'>reeta3</span> <span class='ocrx_word' id='word_1_209' title='bbox 537 2491 567 2546; x_wconf 93' lang='lat' dir='ltr'>et</span> <span class='ocrx_word' id='word_1_210' title='bbox 598 2488 674 2546; x_wconf 91' lang='lat' dir='ltr'>illud</span> <span class='ocrx_word' id='word_1_211' title='bbox 708 2489 766 2561; x_wconf 89' lang='lat' dir='ltr'>est,</span> <span class='ocrx_word' id='word_1_212' title='bbox 803 2487 883 2562; x_wconf 93' lang='lat' dir='ltr'>quod</span> <span class='ocrx_word' id='word_1_213' title='bbox 915 2489 1114 2548; x_wconf 66' lang='lat' dir='ltr'>demonstat</span> 
     </span>
     <span class='ocr_line' id='line_1_27' title="bbox 104 2576 261 2635; baseline -0.013 0"><span class='ocrx_word' id='word_1_214' title='bbox 104 2576 261 2635; x_wconf 81' lang='lat' dir='ltr'>voluimus,</span> 
     </span>
     <span class='ocr_line' id='line_1_28' title="bbox 197 2660 1114 2739; baseline -0.001 -17"><span class='ocrx_word' id='word_1_215' title='bbox 197 2663 296 2733; x_wconf 85' lang='lat' dir='ltr'>Quod</span> <span class='ocrx_word' id='word_1_216' title='bbox 318 2666 480 2739; x_wconf 88' lang='lat' dir='ltr'>sequitur</span> <span class='ocrx_word' id='word_1_217' title='bbox 503 2665 645 2724; x_wconf 90' lang='lat' dir='ltr'>addidit</span> <span class='ocrx_word' id='word_1_218' title='bbox 668 2665 787 2722; x_wconf 80' lang='lat' dir='ltr'>Tnnmr</span> <span class='ocrx_word' id='word_1_219' title='bbox 811 2665 869 2723; x_wconf 76' lang='grc' dir='ltr'>46Ο</span> <span class='ocrx_word' id='word_1_220' title='bbox 890 2660 1114 2725; x_wconf 79' lang='lat' dir='ltr'>theoremati.</span> 
     </span>
     <span class='ocr_line' id='line_1_29' title="bbox 196 2750 1114 2831; baseline 0.007 -20"><span class='ocrx_word' id='word_1_221' title='bbox 196 2751 315 2811; x_wconf 90' lang='lat' dir='ltr'>Omnis</span> <span class='ocrx_word' id='word_1_222' title='bbox 330 2753 511 2831; x_wconf 88' lang='lat' dir='ltr'>trianguli</span> <span class='ocrx_word' id='word_1_223' title='bbox 525 2753 734 2831; x_wconf 90' lang='lat' dir='ltr'>orthogonii</span> <span class='ocrx_word' id='word_1_224' title='bbox 748 2752 968 2828; x_wconf 89' lang='lat' dir='ltr'>quadratum</span> <span class='ocrx_word' id='word_1_225' title='bbox 987 2750 1114 2817; x_wconf 56' lang='lat' dir='ltr'>fastu!</span> 
     </span>
     <span class='ocr_line' id='line_1_30' title="bbox 106 2843 1114 2919; baseline 0.001 -19"><span class='ocrx_word' id='word_1_226' title='bbox 106 2862 145 2900; x_wconf 92' lang='lat' dir='ltr'>ex</span> <span class='ocrx_word' id='word_1_227' title='bbox 167 2843 283 2901; x_wconf 90' lang='lat' dir='ltr'>latere</span> <span class='ocrx_word' id='word_1_228' title='bbox 312 2843 484 2903; x_wconf 79' lang='lat' dir='ltr'>subteneo</span> <span class='ocrx_word' id='word_1_229' title='bbox 513 2843 644 2919; x_wconf 90' lang='lat' dir='ltr'>angulo</span> <span class='ocrx_word' id='word_1_230' title='bbox 672 2845 770 2900; x_wconf 84' lang='lat' dir='ltr'>recto</span> <span class='ocrx_word' id='word_1_231' title='bbox 800 2843 930 2917; x_wconf 89' lang='lat' dir='ltr'>equale</span> <span class='ocrx_word' id='word_1_232' title='bbox 958 2848 1017 2903; x_wconf 90' lang='lat' dir='ltr'>est</span> <span class='ocrx_word' id='word_1_233' title='bbox 1043 2860 1114 2903; x_wconf 70' lang='lat'>0011¹</span> 
     </span>
     <span class='ocr_line' id='line_1_31' title="bbox 65 2931 1114 3005; baseline 0.004 -16"><span class='ocrx_word' id='word_1_234' title='bbox 65 2944 91 2983; x_wconf 75' lang='lat'>30</span> <span class='ocrx_word' id='word_1_235' title='bbox 105 2931 288 2990; x_wconf 81' lang='lat' dir='ltr'>iunctioni</span> <span class='ocrx_word' id='word_1_236' title='bbox 310 2931 459 2990; x_wconf 89' lang='lat' dir='ltr'>duorum</span> <span class='ocrx_word' id='word_1_237' title='bbox 478 2931 751 3005; x_wconf 87' lang='lat' dir='ltr'>quadratorum,</span> <span class='ocrx_word' id='word_1_238' title='bbox 775 2949 842 3005; x_wconf 91' lang='lat' dir='ltr'>que</span> <span class='ocrx_word' id='word_1_239' title='bbox 859 2931 961 2990; x_wconf 83' lang='lat' dir='ltr'>fiunt</span> <span class='ocrx_word' id='word_1_240' title='bbox 980 2952 1023 2992; x_wconf 89' lang='lat' dir='ltr'>ex</span> <span class='ocrx_word' id='word_1_241' title='bbox 1040 2932 1114 2993; x_wconf 83' lang='lat' dir='ltr'>duo·</span> 
     </span>
     <span class='ocr_line' id='line_1_32' title="bbox 104 3019 1054 3096; baseline 0.003 -18"><span class='ocrx_word' id='word_1_242' title='bbox 104 3019 168 3078; x_wconf 90' lang='lat' dir='ltr'>bus</span> <span class='ocrx_word' id='word_1_243' title='bbox 187 3020 382 3095; x_wconf 86' lang='lat' dir='ltr'>lateribus,</span> <span class='ocrx_word' id='word_1_244' title='bbox 407 3039 473 3095; x_wconf 92' lang='lat' dir='ltr'>que</span> <span class='ocrx_word' id='word_1_245' title='bbox 498 3021 686 3079; x_wconf 83' lang='lat' dir='ltr'>continent</span> <span class='ocrx_word' id='word_1_246' title='bbox 709 3020 881 3096; x_wconf 86' lang='lat' dir='ltr'>angulum</span> <span class='ocrx_word' id='word_1_247' title='bbox 903 3025 1054 3081; x_wconf 82' lang='lat' dir='ltr'>reatum.</span> 
     </span>
     <span class='ocr_line' id='line_1_33' title="bbox 194 3103 1114 3188; baseline 0.005 -22"><span class='ocrx_word' id='word_1_248' title='bbox 194 3109 332 3184; x_wconf 79' lang='lat' dir='ltr'>Exempli</span> <span class='ocrx_word' id='word_1_249' title='bbox 346 3127 436 3167; x_wconf 87' lang='lat' dir='ltr'>eausa</span> <span class='ocrx_word' id='word_1_250' title='bbox 450 3109 490 3168; x_wconf 90' lang='lat' dir='ltr'>sit</span> <span class='ocrx_word' id='word_1_251' title='bbox 504 3109 673 3186; x_wconf 89' lang='lat' dir='ltr'>triangulus</span> <span class='ocrx_word' id='word_1_252' title='bbox 687 3103 801 3186; x_wconf 75' lang='lat' dir='ltr'>&lt;abp&gt;,</span> <span class='ocrx_word' id='word_1_253' title='bbox 817 3108 901 3167; x_wconf 87' lang='lat' dir='ltr'>euius</span> <span class='ocrx_word' id='word_1_254' title='bbox 917 3111 1047 3188; x_wconf 88' lang='lat' dir='ltr'>angulus</span> <span class='ocrx_word' id='word_1_255' title='bbox 1061 3112 1114 3185; x_wconf 64' lang='lat' dir='ltr'>bas</span> 
     </span>
     <span class='ocr_line' id='line_1_34' title="bbox 106 3197 1114 3275; baseline 0.006 -21"><span class='ocrx_word' id='word_1_256' title='bbox 106 3197 146 3255; x_wconf 89' lang='lat' dir='ltr'>sit</span> <span class='ocrx_word' id='word_1_257' title='bbox 164 3200 276 3256; x_wconf 83' lang='lat' dir='ltr'>rectus:</span> <span class='ocrx_word' id='word_1_258' title='bbox 296 3198 360 3256; x_wconf 86' lang='lat' dir='ltr'>dieo</span> <span class='ocrx_word' id='word_1_259' title='bbox 381 3217 460 3274; x_wconf 89' lang='lat' dir='ltr'>ergo,</span> <span class='ocrx_word' id='word_1_260' title='bbox 483 3198 563 3273; x_wconf 93' lang='lat' dir='ltr'>quod</span> <span class='ocrx_word' id='word_1_261' title='bbox 582 3197 763 3273; x_wconf 89' lang='lat' dir='ltr'>quadratum</span> <span class='ocrx_word' id='word_1_262' title='bbox 781 3197 897 3255; x_wconf 82' lang='lat' dir='ltr'>fastum</span> <span class='ocrx_word' id='word_1_263' title='bbox 916 3217 952 3256; x_wconf 91' lang='lat' dir='ltr'>ex</span> <span class='ocrx_word' id='word_1_264' title='bbox 970 3199 1067 3260; x_wconf 89' lang='lat' dir='ltr'>latere</span> <span class='ocrx_word' id='word_1_265' title='bbox 1084 3198 1114 3275; x_wconf 73' lang='lat' dir='ltr'>bl</span> 
     </span>
     <span class='ocr_line' id='line_1_35' title="bbox 107 3285 1114 3364; baseline 0.005 -21"><span class='ocrx_word' id='word_1_266' title='bbox 107 3289 151 3343; x_wconf 88' lang='lat' dir='ltr'>est</span> <span class='ocrx_word' id='word_1_267' title='bbox 181 3286 286 3362; x_wconf 90' lang='lat' dir='ltr'>equale</span> <span class='ocrx_word' id='word_1_268' title='bbox 316 3287 518 3345; x_wconf 79' lang='lat' dir='ltr'>coniunctioni</span> <span class='ocrx_word' id='word_1_269' title='bbox 545 3286 673 3345; x_wconf 91' lang='lat' dir='ltr'>duorum</span> <span class='ocrx_word' id='word_1_270' title='bbox 700 3285 929 3361; x_wconf 88' lang='lat' dir='ltr'>quadratorum,</span> <span class='ocrx_word' id='word_1_271' title='bbox 962 3307 1024 3364; x_wconf 92' lang='lat' dir='ltr'>que</span> <span class='ocrx_word' id='word_1_272' title='bbox 1049 3288 1114 3348; x_wconf 82' lang='lat' dir='ltr'>fiunt</span> 
     </span>
    </p>
   </div>
   <div class='ocr_carea' id='block_1_3' title="bbox 97 3489 1114 3632">
    <p class='ocr_par' dir='ltr' id='par_1_3' title="bbox 97 3489 1114 3632">
     <span class='ocr_line' id='line_1_36' title="bbox 178 3489 1114 3564; baseline 0.002 -17"><span class='ocrx_word' id='word_1_273' title='bbox 178 3499 201 3548; x_wconf 77' lang='lat'>5,</span> <span class='ocrx_word' id='word_1_274' title='bbox 219 3490 465 3562; x_wconf 87' lang='lat' dir='ltr'>paralellogramo.</span> <span class='ocrx_word' id='word_1_275' title='bbox 485 3523 520 3530; x_wconf 98' lang='lat'><em>-</em></span> <span class='ocrx_word' id='word_1_276' title='bbox 540 3495 581 3544; x_wconf 77' lang='lat'>1⁷.</span> <span class='ocrx_word' id='word_1_277' title='bbox 600 3489 836 3561; x_wconf 87' lang='lat' dir='ltr'>paralellogrami.</span> <span class='ocrx_word' id='word_1_278' title='bbox 855 3521 891 3532; x_wconf 94' lang='lat'>—-</span> <span class='ocrx_word' id='word_1_279' title='bbox 912 3497 954 3548; x_wconf 85' lang='grc'>19.</span> <span class='ocrx_word' id='word_1_280' title='bbox 974 3493 1114 3564; x_wconf 86' lang='lat' dir='ltr'>paralello</span> 
     </span>
     <span class='ocr_line' id='line_1_37' title="bbox 97 3565 272 3632; baseline 0.034 -15"><span class='ocrx_word' id='word_1_281' title='bbox 97 3565 272 3632; x_wconf 65' lang='lat' dir='ltr'>granatae.</span> 
     </span>
    </p>
   </div>
   <div class='ocr_carea' id='block_1_4' title="bbox 0 0 1162 3840">
    <p class='ocr_par' dir='ltr' id='par_1_4' title="bbox 0 0 1162 3840">
     <span class='ocr_line' id='line_1_38' title="bbox 0 0 1162 3840; baseline 0 0"><span class='ocrx_word' id='word_1_282' title='bbox 0 0 1162 3840; x_wconf 95' lang='lat' dir='ltr'> </span> 
     </span>
    </p>
   </div>
  </div>
 </body>
</html>
