2340 3834
97 162 140 228 52
384 161 549 217 ANARITII
568 160 826 217 COMMENTARII

99 330 176 400 Quia
204 349 273 407 ergo
296 329 467 407 triangulus
491 332 558 405 ayd
582 334 627 389 est
650 331 803 406 equalium
825 331 952 389 duorum
973 330 1116 406 laterum,

98 418 237 478 videlicet
253 410 256 499 1
274 437 317 492 aq
335 419 478 478 existente
498 419 597 494 equali
613 420 701 478 lateri
716 421 769 487 ad,
789 421 875 478 erunt
888 439 924 478 ex
937 416 1116 494 probatione
1135 421 1165 470 16

99 507 203 583 quinte
216 507 312 584 figure
327 507 384 567 duo
400 506 512 584 anguli,
531 507 584 584 qui
598 512 668 567 sunt
682 508 736 567 sub
751 507 824 583 basi,
844 508 971 584 equales.
1008 506 1116 584 Angu-

98 597 145 656 lus
163 596 256 674 igitur
275 597 336 670 edo
354 599 399 655 est
418 596 531 672 equalis
551 598 660 674 angulo
679 594 770 671 <rod
808 596 866 654 Sed
885 589 1033 674 angulus>
1054 597 1118 670 edo

72 688 144 744 sest
157 685 253 743 maior
273 685 382 761 angulo
399 687 478 760 qdb,
498 704 568 762 ergo
587 686 713 764 angulus
731 687 793 760 eod
810 682 877 763 <est
889 685 985 744 maior
1003 684 1116 762 angulo

99 775 172 852 bdq.
210 772 267 833 Sed
282 774 407 850 angulus
427 776 492 848 11911
510 777 555 833 est
568 774 664 833 maior
678 775 787 852 angulo
805 777 876 850 eqd,
896 792 965 851 ergo
985 773 1116 850 angulus

100 857 186 938 bod>
202 865 247 920 est
261 864 356 921 multo
370 863 466 921 maior
480 863 589 941 angulo
605 865 677 937 odo.
695 864 736 922 Et
748 863 847 938 etiam,
862 863 933 939 quia
945 862 1117 939 triangulus

100 952 165 1025 odo
180 953 225 1010 est
238 950 365 1009 duorum
383 951 533 1027 equalium
547 952 684 1026 laterum,
704 971 774 1029 ergo
789 953 950 1011 secundum
962 950 1116 1027 probatio-

100 1059 168 1097 nem
185 1038 280 1115 figure
300 1040 404 1115 quinte
423 1040 480 1099 duo
504 1043 575 1099 sunt
596 1040 706 1117 anguli,
730 1040 784 1117 qui
806 1043 875 1100 sunt
898 1059 987 1115 supra
1009 1039 1117 1116 basim

60 1143 86 1182 ro
101 1127 229 1203 equales.
256 1129 336 1205 Ergo
356 1129 483 1205 angulus
499 1130 563 1204 bod
582 1132 627 1188 est
641 1129 754 1205 equalis
769 1131 840 1204 odo.
870 1128 928 1189 Sed
941 1129 1002 1187 iam
1017 1132 1117 1187 osten-

100 1216 210 1292 dimus,
234 1217 315 1291 quod
334 1218 460 1294 angulus
479 1219 544 1292 byd
565 1221 610 1276 est
627 1219 723 1276 multo
742 1219 838 1276 maior
856 1219 967 1294 angulo
987 1218 1062 1294 bdy,
1087 1222 1118 1277 et

100 1305 148 1364 hio
181 1308 226 1364 est
258 1306 285 1362 ei
313 1305 441 1381 equalis,
475 1306 554 1381 quod
582 1309 628 1365 est
654 1307 836 1365 eontrarium
866 1309 896 1365 et
921 1305 1116 1382 impossibile.

99 1393 292 1452 Manifestum
315 1394 418 1468 itaque
441 1397 487 1453 est
510 1414 544 1452 ex
566 1395 635 1471 hoo⁷
659 1396 738 1470 quod
760 1396 808 1454 hio
830 1395 985 1471 probatur,
1013 1414 1117 1469 quem-

101 1483 259 1540 admodum
276 1483 433 1557 proveniat
452 1502 487 1541 ex
506 1503 548 1561 ee,
572 1484 653 1559 quod
672 1484 704 1541 in
723 1484 829 1560 quinta
847 1484 942 1561 figma
960 1483 1117 1560 probatur⁷

61 1584 87 1624 15
101 1571 181 1647 quod
205 1571 262 1628 duo
287 1571 397 1648 anguli,
422 1572 474 1646 qui
493 1575 562 1631 sunt
580 1574 634 1631 sub
657 1572 730 1647 basi,
754 1572 874 1647 equales
898 1564 1071 1653 existuntl)

189 1658 360 1717 Additum
406 1664 533 1720 octavo
579 1653 828 1742 theorematil)
869 1662 1026 1719 relatum
1073 1662 1118 1719 ad

101 1747 352 1823 probationem
375 1749 567 1808 seeundum
589 1750 728 1809 modum
751 1749 1037 1809 contrarietatis.

194 2956 279 3014 Basis
308 2957 452 3033 trianguli
476 2959 552 3031 uby,
581 2976 639 3032 que
663 2958 708 3014 est
730 2957 782 3029 by,
812 2956 1027 3030 superponatur
1050 2953 1119 3012 basi

107 3065 149 3114 er,
174 3065 230 3121 que
254 3049 299 3103 est
321 3045 464 3122 trianguli
487 3047 555 3114 der,
579 3049 609 3104 et
632 3045 740 3103 eadent
761 3043 838 3101 linee
858 3045 903 3114 ele,
925 3044 972 3110 lte,
997 3045 1027 3100 et
1049 3060 1118 3100 oon·

108 3375 316 3444 trioaqoloram,
335 3391 448 3443 quorum
466 3374 520 3428 duo
540 3374 626 3427 latera
645 3376 729 3428 melus
743 3374 847 3428 duobus
861 3373 989 3427 lateribus
1003 3374 1118 3429 alterius

108 3446 211 3511 suerint
224 3447 341 3515 equatio,
360 3447 482 3514 basisque
495 3447 580 3498 auius
593 3445 653 3499 basi
667 3446 778 3499 alterius
791 3445 903 3514 equatio,
918 3445 986 3499 deos
1000 3446 1118 3514 onyulos

109 3519 183 3586 equis
202 3517 331 3572 1111111113
349 3522 485 3571 contentos
501 3516 608 3586 equales
625 3532 679 3572 esse
696 3531 797 3572 neeesse
815 3522 860 3570 est.
