2340 3834
105 173 172 239 280
393 173 559 227 ANARITH
577 172 833 229 oommxrlau

104 345 225 402 lanium
248 345 279 400 ot
300 341 332 400 in
354 342 541 420 longitudino
560 341 854 423 communicantibus,
877 361 934 417 quo
954 341 1014 401 sint
1030 341 1074 399 rad

105 433 207 490 docem
234 434 265 489 et
291 430 376 489 radix
404 432 617 509 quadraginta:
645 431 710 490 dico
734 451 817 509 crgo,
845 431 924 506 quod
946 429 1074 506 superlici

107 522 147 594 αθ
170 522 215 578 ost
237 519 401 595 rationalis,
425 519 505 595 quod
527 521 569 578 sio
592 520 744 596 probatur.
779 519 901 579 Faciam
920 519 1003 577 enim
1025 537 1074 594 sup

105 627 147 682 αθ
170 608 350 683 quadratum
370 611 422 682 θα.
468 610 509 667 Et
535 609 607 684 quia
630 628 671 683 αθ
698 613 744 668 est

73 697 259 756 orationalis
277 697 309 755 in
322 697 466 773 potentia,
485 717 555 775 ergo
574 697 741 773 superficias

101 788 146 860 θα
169 790 215 845 ost
236 786 400 846 rationalis.
435 785 494 844 Sed
517 788 558 846 bo
581 786 742 846 communi-

104 876 152 932 cat
175 893 229 950 αθ,
257 878 288 933 oi
311 894 352 949 αθ
379 878 425 934 est
448 875 563 951 equalis
585 877 641 934 ad:
670 895 740 952 ergo

104 965 146 1022 ba
168 964 367 1023 communicat
390 965 447 1031 od,
476 982 545 1041 orgo
572 963 740 1039 superficies

104 1053 144 1126 αθ
167 1053 365 1112 communicat
389 1051 553 1127 superficiei
575 1054 627 1126 θα.
681 1052 739 1111 Sed
994 1107 1010 1142 r
1029 1090 1074 1143 d]

62 1153 89 1193 10
103 1140 271 1215 superficies
300 1143 345 1215 θα
381 1143 427 1199 est
462 1140 631 1215 rationalis,
668 1161 738 1218 ergo
775 1170 794 1222 d
981 1188 1000 1223 a
1050 1133 1054 1142 ¹

102 1229 271 1305 superficias
301 1231 342 1303 pb
375 1232 420 1288 ost
455 1229 619 1288 rationalis.
680 1229 738 1288 Sed

101 1317 254 1394 propordo
277 1317 385 1376 radicis
409 1317 509 1375 docem
532 1318 570 1375 ad
593 1317 721 1376 radicem
745 1319 946 1395 quadraginta
969 1323 1014 1378 est
1037 1319 1074 1378 sic

102 1407 255 1482 proportio
278 1406 394 1464 numeri
417 1401 558 1481 quadrati
577 1406 615 1464 ad
633 1427 789 1466 numerum
808 1408 996 1483 quadratum,
1021 1427 1074 1483 qua

101 1495 187 1553 radix
213 1495 313 1553 docem
340 1494 371 1551 in
399 1494 529 1553 radicem
557 1494 756 1571 quadraginta
783 1496 841 1554 erit
865 1496 950 1554 radix
974 1496 1074 1571 quadri

61 1596 87 1636 15
102 1587 266 1661 geniorum,
290 1601 347 1658 que
370 1586 415 1641 esi
437 1582 558 1660 viginti3
583 1587 612 1642 ot
634 1584 709 1642 illud
732 1586 785 1659 est,
808 1583 888 1659 quod
911 1586 1074 1647 demonstra

101 1672 258 1731 voluimus.

191 1757 311 1818 Omnis
339 1760 554 1835 superficies
583 1764 754 1820 contenta
781 1779 800 1818 a
828 1761 966 1820 duabus
989 1763 1075 1820 linei

102 1867 251 1922 quarum
270 1867 337 1906 una
352 1850 400 1906 sii
413 1848 609 1907 rationalis
628 1850 664 1907 in
682 1849 926 1927 longitudine,
946 1854 981 1909 ot
995 1853 1068 1909 alte

101 1936 150 1994 sit
172 1936 367 1996 rationalis
388 1938 424 1995 in
442 1937 621 2012 potentia,
641 1941 695 1997 esi
713 1938 829 1996 surda.
866 1939 1004 2015 Exempli
1024 1960 1074 1998 cau

60 2038 88 2078 ao
102 2024 142 2084 sii
155 2025 323 2100 superficies
338 2026 380 2084 bd
395 2027 534 2084 contenta
548 2044 566 2083 a
580 2027 693 2085 duabus
714 2026 809 2100 lineis,
829 2045 955 2102 quarum
970 2048 1039 2105 una,
1054 2050 1072 2104 q

101 2115 141 2172 sit
159 2115 213 2189 ab,
237 2114 276 2173 sit
293 2115 458 2189 rationalis,
479 2117 509 2172 ot
527 2115 630 2188 altera,

100 2222 158 2279 quo
191 2202 230 2262 sit
261 2205 316 2279 od,
354 2204 393 2262 sit
425 2203 527 2262 surda:
563 2203 628 2262 dico
666 2195 787 2256 9.-

99 2292 206 2369 igitur,
229 2291 307 2366 quod
330 2291 498 2367 superficies
521 2292 563 2350 bd
586 2295 630 2350 esi

100 2381 198 2456 surda,
218 2381 298 2456 quod
321 2381 362 2438 sio
381 2380 537 2457 colligitur.
572 2379 630 2438 Fa-

982 671 1000 724 9

897 2197 915 2231 a

60 2482 87 2521 2⁵
101 2469 177 2527 ciam
205 2469 283 2526 enim
311 2487 400 2544 supra
428 2470 469 2527 ob
503 2469 630 2543 quadra-

100 2559 165 2614 tum
192 2558 239 2630 by.
291 2556 348 2614 Sed
376 2559 417 2616 ab
449 2560 494 2616 esi
521 2557 630 2616 incom-
907 2514 910 2669 l

99 2645 253 2702 municaus
291 2646 335 2703 od
368 2645 400 2703 in
436 2646 631 2722 longitudine,
910 2685 1074 2692 ·----

101 2738 132 2792 et
168 2734 209 2791 ab
247 2736 291 2791 est
323 2733 436 2808 equalis
469 2753 523 2808 op:
561 2753 630 2812 ergo
899 2696 913 2746 b

100 2841 142 2896 αθ
165 2825 210 2880 osc
232 2822 482 2881 incommunioans
506 2825 550 2882 ad
572 2824 604 2880 in
624 2822 819 2900 longitudine.
860 2823 1019 2899 Proporcio
1041 2843 1074 2882 ve

56 2925 87 2965 ao
97 2929 152 2985 θα,
175 2910 213 2968 ad
245 2913 289 2970 ad
323 2914 368 2969 est
399 2911 476 2970 sicut
504 2912 657 2987 proportio
685 2911 850 2987 superficiei
874 2915 916 2986 pb
944 2913 983 2971 ad
1010 2931 1074 2987 sup<

98 2999 196 3057 ficiem
215 2991 219 3079 Ι
241 3001 295 3074 bd,
319 3020 376 3076 qua
400 3002 445 3058 est
468 3019 511 3076 aa,
535 3019 591 3076 que
614 3001 649 3058 fic
672 3020 706 3059 ex
729 3002 770 3058 ab
789 3002 820 3058 in
839 3003 895 3059 od:
920 3021 990 3079 orgo
1010 3019 1074 3076 supi

98 3088 180 3147 ficies
201 3089 243 3161 qb
266 3089 497 3146 incommunicai
519 3089 684 3164 superficiei
708 3091 756 3148 bd.
803 3088 861 3146 Sed
884 3090 1074 3165 superficias!

83 3179 145 3238 osi
181 3177 351 3252 rationalis,
389 3177 531 3252 quoniam
567 3179 647 3236 linea
679 3179 720 3236 ab
753 3181 797 3236 ast
829 3179 998 3237 rationalis:
1040 3197 1074 3251 orl

100 3264 268 3342 superficies
298 3267 339 3324 bd
367 3270 412 3324 esi
435 3265 537 3340 surda3
566 3269 596 3324 et
619 3265 696 3323 illud
719 3271 777 3340 esi,
805 3267 885 3341 quod
909 3268 1074 3327 demonstra

58 3367 85 3409 aa
98 3355 257 3414 voluimus.

169 3475 210 3526 13.
232 3471 330 3543 quare]
349 3470 490 3540 quoniam.
510 3503 544 3510 -
568 3476 609 3526 21.
630 3471 667 3524 sil
686 3473 725 3524 ob
743 3473 865 3526 iterator.
885 3503 920 3512 -
943 3477 985 3525 32.
1005 3470 1074 3524 incor

81 3542 219 3600 manicat
237 3545 364 3601 iteratur
