2316 3840
102 162 166 227 342
385 160 550 216 AN-ARITH
567 158 825 214 COMMENTARII

101 331 180 407 quod
198 332 238 391 bb
257 334 303 390 est
319 329 491 404 binomium,
515 328 678 389 seeundum
696 327 776 404 quod
795 326 910 386 ostendi
928 327 961 386 in
978 327 1109 386 binomio

99 421 206 496 tercio,
234 423 265 479 et
292 418 373 494 quod
401 420 441 494 bg
463 421 564 495 potest
587 436 677 494 supra
698 418 741 492 ph
764 435 831 476 oum
854 419 1017 494 augmento
1041 434 1112 492 qua·

102 508 188 584 drati,
206 507 294 566 lateri
308 507 391 566 ouius
407 509 447 583 by
460 507 492 566 in
505 506 690 585 longitudine
705 505 885 583 seiungitur3
902 500 1114 585 <seiungitur>

103 600 203 656 autem
235 596 312 655 lineo
344 596 486 656 rationali
515 595 584 655 date
610 596 643 654 in
670 593 868 672 longitudine:
901 612 973 672 ergo
1001 595 1044 669 by
1069 597 1115 652 est

82 685 272 744 bbinomium
290 688 418 762 sextum,
436 689 467 744 et
484 685 559 743 illud
577 687 630 759 est,
649 685 728 761 quod
741 683 944 742 demonstrare
958 683 1116 742 voluimus.

194 774 259 833 Iam
281 775 315 833 in
336 775 559 851 precedentibus
582 772 772 848 ostendimus,
796 771 925 849 qualiter
944 771 1115 848 superficies

105 866 307 939 numerantur,
331 883 387 940 que
410 882 429 922 a
451 863 530 922 linea
552 861 693 921 rationali
716 863 746 920 et
768 860 806 919 ab
827 879 1009 936 unoquoque
1031 861 1114 920 bino-

105 952 232 1013 miorum
269 955 299 1012 et
335 951 519 1012 residuorum
554 951 750 1011 continentur.
805 949 875 1007 Fuit
911 949 992 1008 enim
1023 969 1116 1008 unum

106 1042 269 1117 capitulum
309 1060 411 1100 earum
451 1041 584 1099 omnium
624 1038 828 1098 demonstrans
869 1038 1115 1099 numerationem.

65 1140 91 1180 1⁰
106 1129 190 1198 Quod
231 1131 257 1188 si
297 1149 350 1189 nos
386 1130 558 1188 iterabimus
594 1128 829 1187 numerationem
864 1126 896 1185 in
931 1145 1115 1204 unaquaque

103 1219 214 1297 figura,
236 1219 515 1295 multiplicabuntur
536 1217 627 1277 uerba
650 1219 680 1275 et
701 1215 856 1293 longitudo
878 1215 1057 1293 figurarum,
1086 1218 1116 1276 et

105 1308 262 1385 elongatur
288 1307 465 1366 intellectus.
516 1306 578 1365 Nos
605 1308 706 1364 tamen
733 1324 792 1364 non
818 1304 986 1382 indigemus
1014 1305 1114 1363 huius·

104 1397 192 1473 modi,
216 1417 310 1472 neque
334 1415 369 1454 ea
392 1398 460 1454 sunt
482 1395 567 1453 nobis
590 1394 763 1454 necessaria.
810 1392 962 1452 Summam
984 1412 1115 1469 namque

102 1485 266 1563 figurarum
296 1484 527 1559 nominabimus,
559 1486 590 1543 et
621 1483 802 1544 ostendimus
833 1482 865 1540 in
891 1483 989 1559 figura
1017 1483 1115 1559 prima

64 1583 89 1623 1⁵
104 1593 208 1632 eamm
240 1574 488 1650 numerationem,
522 1573 601 1648 quod
629 1575 659 1630 et
685 1573 716 1630 in
743 1589 923 1646 unaquaque
950 1571 1114 1649 figurarum

98 1663 284 1738 reliquarum
309 1662 465 1736 faciemus,
492 1662 605 1721 scilicet
631 1661 868 1720 numerationem
890 1679 1052 1736 ponemus,
1081 1663 1114 1718 ut

103 1751 235 1810 sensibus
259 1751 420 1809 subiaceat.

187 1839 273 1898 Volo
310 1839 400 1898 scire
432 1839 571 1897 radices
603 1837 892 1914 superficierum,
929 1857 997 1912 que
1032 1857 1111 1898 con-

99 1927 264 1985 tinentur
286 1945 304 1986 a
326 1927 423 1986 linea
445 1927 621 1988 rationali
645 1931 680 1986 et
703 1927 744 1985 ab
767 1945 984 2002 unoquoque
1009 1927 1113 1985 bino·

62 2016 257 2076 samiorum.
307 2016 440 2076 Afferam
471 2017 565 2093 igitur
594 2015 726 2075 binomia
753 2017 853 2090 preter
879 2015 1026 2091 binomia,
1060 2034 1115 2092 que

100 2105 132 2163 in
150 2105 204 2181 his,
227 2125 285 2181 que
303 2107 516 2181 precesserimt,
538 2105 763 2164 nominavimus.
805 2103 879 2162 Dico
898 2103 1006 2180 igitur:
1030 2105 1114 2164 Volo

102 2194 192 2253 scire
220 2194 376 2253 radicem
403 2194 615 2270 superficiei
643 2195 811 2253 contente
836 2211 854 2250 a
877 2193 977 2251 linea
1001 2193 1114 2253 ratio·

102 2284 178 2341 nali
202 2287 236 2342 et
259 2283 415 2343 binomio
438 2284 559 2358 primo.
601 2280 648 2340 Sit
670 2283 773 2356 itaque
796 2280 961 2340 binomium
983 2283 1113 2357 primum

103 2374 120 2430 6
151 2375 181 2431 et
207 2372 292 2430 radix
321 2374 371 2431 20.
417 2371 558 2430 Dividam
581 2391 651 2448 ergo
676 2372 694 2428 6
718 2370 750 2427 in
773 2369 847 2427 duas
869 2371 970 2446 partes
994 2370 1054 2445 ita,
1081 2373 1114 2428 ut

72 2472 97 2512 ao
111 2460 150 2518 sit
172 2461 382 2535 multiplicatio
405 2461 491 2519 unius
515 2479 616 2519 earum
638 2460 670 2517 in
693 2459 818 2517 alteram
837 2458 950 2535 equalis
969 2459 1114 2534 quadrato

105 2551 212 2623 quarte
238 2550 287 2624 20,
312 2548 392 2624 quod
415 2552 460 2607 est
485 2550 517 2622 53
545 2548 602 2606 erit
625 2566 695 2625 ergo
718 2565 779 2605 una
801 2546 929 2605 duarum
952 2548 1115 2608 sectionum

105 2638 123 2695 5
148 2639 178 2694 et
201 2637 298 2694 altera
321 2655 406 2695 unus.
448 2637 528 2714 Ergo
552 2637 637 2696 radix
660 2638 678 2694 5
704 2638 734 2694 et
756 2635 842 2694 radix
861 2636 949 2693 unius
969 2639 1016 2695 est
1034 2637 1114 2696 bino·

102 2725 196 2782 mium
224 2725 405 2801 absolutum,
433 2729 463 2785 et
489 2727 589 2801 ipsum
612 2729 657 2785 est
678 2727 783 2800 potens
807 2742 897 2800 supra
921 2726 1116 2800 superficiem,

103 2832 192 2888 quam
219 2815 409 2890 prediximus.
455 2813 541 2884 Quod
567 2809 636 2893 <si>
663 2813 830 2888 superficiei
854 2813 1013 2890 longitudo
1037 2818 1113 2874 esset

66 2915 93 2956 ao
105 2901 256 2961 residuum
282 2904 424 2979 primum,
452 2905 557 2979 potens
585 2920 676 2978 supra
703 2903 800 2979 ipsam
827 2905 905 2960 esset
932 2903 1114 2978 superfluum

101 2991 180 3050 inter
205 3009 263 3049 eas

193 3078 229 3137 Si
262 3083 380 3138 autem
409 3079 600 3157 longitudo
628 3079 742 3138 fuerit
768 3078 963 3137 binomium
991 3098 1113 3140 secun-

106 3167 197 3244 dum,
226 3167 305 3243 quod
328 3171 374 3228 est
395 3168 480 3227 radix
506 3171 544 3227 12
570 3171 600 3226 et
623 3169 641 3226 3
666 3188 701 3226 ex
724 3168 867 3243 numeris,
891 3168 1024 3228 dividam
1045 3172 1113 3227 tunc

103 3257 233 3316 radicem
259 3259 298 3316 12
323 3257 366 3316 ita
388 3258 420 3315 in
443 3257 516 3316 duas
539 3261 648 3333 partes,
671 3260 705 3315 ut
729 3256 768 3315 sit
790 3257 1003 3332 multiplicatio
1026 3258 1111 3316 unius

172 3467 196 3518 9.
218 3461 480 3518 demonstrationes.
499 3492 535 3501 -
560 3465 600 3515 13.
621 3459 741 3514 Summa.
760 3490 796 3499 -
818 3465 859 3514 19.
880 3460 916 3515 ab
935 3459 1109 3529 unoquoque]

85 3547 104 3585 a
124 3533 255 3592 binomio
276 3553 399 3608 quoque.
421 3567 456 3576 -
474 3539 520 3589 (ὶὸ.
538 3547 706 3601 unaqueque
724 3531 850 3584 duarum.
