2340 3834
391 153 441 208 AD
459 152 645 210 EUCLIDEM
662 154 729 210 LIB.
745 155 766 210 1.
1040 156 1081 220 51

66 326 111 398 ab
144 324 265 400 equales
297 324 411 383 duabus
442 323 529 382 lineis
555 325 606 398 ab,
638 324 691 398 αθ,
725 327 756 383 et
783 324 911 401 angulus
939 325 1002 398 aaa
1038 327 1084 383 est

70 413 188 489 equalis
216 413 326 490 angulo
348 414 418 487 θῠα.
463 411 655 472 Manifestum
684 415 729 470 est
757 431 826 488 ergo
851 411 1082 488 exprobatione

68 502 166 578 figure
191 505 306 578 quarte,
329 502 409 577 quod
430 501 510 560 basis
528 519 567 574 aa
589 504 635 560 est
653 501 767 577 equalis
786 499 851 560 basi
870 503 918 569 bb,
943 505 973 561 et
990 502 1082 560 trian-

69 592 161 667 gulus
184 592 245 664 baa
267 594 311 649 est
335 589 450 667 equalis
472 590 624 667 triangulo
646 591 724 664 pbb,
751 593 781 647 et
804 591 931 666 angulus
955 592 1016 664 bap
1038 593 1084 650 est

70 679 188 755 equalis
216 680 327 757 angulo
351 682 422 755 bbp.
469 678 544 738 Cum
571 697 641 755 ergo
670 678 825 754 equalibus
853 679 973 754 aqualia
1000 679 1081 738 addi·
1109 692 1121 732 a

70 768 182 842 dimus,
210 768 267 827 erit
292 768 373 826 linea
394 772 427 829 at
449 767 563 843 equalis
587 767 664 825 linee
688 769 729 826 ab
752 768 895 827 totaliter.
942 767 999 826 Sed
1022 767 1083 827 iam

71 856 264 933 ostendimus,
287 857 366 933 quod
390 859 430 916 bb
452 858 499 915 est
521 856 635 932 equalis
656 874 704 930 θα,
729 859 759 915 et
782 856 854 932 quia
872 858 999 934 angulus
1018 858 1082 916 abb

70 949 118 1005 est
150 946 264 1021 equalis
296 947 405 1023 angulo
434 955 508 1020 ααθ,
542 963 611 1023 ergo
644 944 703 1005 duo
735 946 832 1004 latera
859 947 912 1014 bb,
939 947 982 1004 ba
1012 948 1083 1004 sunt

70 1035 193 1110 equalis
211 1034 325 1094 duobus
344 1033 487 1093 lateribus
505 1038 545 1103 ta,
563 1052 610 1108 αθ,
630 1034 768 1110 quodque
787 1035 866 1092 latus
885 1053 937 1093 suo
955 1035 1081 1093 relativo

69 1123 187 1198 equale,
210 1127 241 1182 et
263 1124 392 1200 angulus
413 1124 432 1181 b
451 1125 496 1182 est
515 1123 631 1199 equalis
651 1123 761 1199 angulo
778 1141 807 1183 a:
832 1141 901 1199 ergo
921 1122 1082 1181 secundum
1096 1138 1121 1177 ro

68 1211 279 1288 probationem
299 1212 394 1289 figure
417 1215 524 1288 quarte
546 1212 716 1289 triangulus
738 1212 804 1271 bab
828 1215 873 1269 est
895 1211 1009 1286 equalis
1028 1211 1081 1269 tri·

69 1301 184 1378 angulo
211 1305 273 1375 ayt.
320 1300 378 1360 Sed
404 1300 465 1359 iam
493 1300 689 1376 ostendimus,
718 1299 797 1376 quod
823 1299 993 1375 triangulus
1019 1302 1081 1374 bob

69 1392 119 1448 est
144 1389 258 1466 equalis
281 1389 434 1467 triangulo
454 1392 529 1464 pbr:
554 1408 621 1448 cum
645 1408 714 1466 ergo
738 1409 773 1448 ex
796 1387 952 1464 equalibus
975 1388 1080 1446 minui-

66 1497 138 1536 mus
161 1478 289 1554 equalia,
311 1482 465 1537 remanent
488 1478 615 1554 equalia.
655 1478 801 1536 Remauet
823 1497 893 1555 ergo
911 1477 1080 1553 triangulus

67 1569 137 1641 aba
160 1567 274 1642 equalis
298 1563 490 1646 <tri>angulo
515 1569 582 1641 btp,
608 1567 703 1626 maior
726 1567 838 1626 scilicet
859 1566 975 1642 minori,
1000 1566 1079 1642 quod
1094 1579 1119 1619 15

66 1659 119 1716 est
141 1655 322 1715 contrarium
345 1658 376 1714 et
396 1655 588 1731 impossibile.
629 1656 696 1714 Non
720 1658 765 1714 est
787 1674 856 1732 ergo
875 1654 1024 1730 possibile,
1047 1658 1082 1714 ut

66 1746 112 1805 sit
134 1746 213 1805 latus
237 1747 277 1805 ab
300 1745 397 1804 maius
419 1746 513 1803 latere
537 1746 590 1818 by,
613 1763 709 1820 neque
731 1744 829 1802 minus
853 1763 887 1802 eo
911 1747 964 1819 est,
987 1744 1082 1821 igitur

65 1834 97 1894 ei
123 1835 243 1910 equale3
267 1836 297 1892 et
318 1833 394 1892 illud
417 1837 475 1909 est,
500 1834 579 1909 quod
602 1832 804 1892 demonstrare
826 1832 982 1892 voluimus.

671 1921 753 1980 Hoc
789 1923 851 1981 est
892 1921 1080 1979 additum

586 2002 790 2087 septime.¹)
1094 2023 1120 2061 ao

673 2097 705 2156 Si
728 2098 796 2174 quis
815 2089 963 2178 dxeatl),
986 2097 1080 2172 possi-

582 2187 642 2244 bile
658 2190 711 2263 est,
729 2189 765 2244 ut
781 2205 800 2244 a
813 2185 929 2244 duabus
944 2186 1079 2243 extremi·

582 2275 698 2334 tatibus
717 2275 794 2333 linee
809 2277 850 2333 ab
869 2274 927 2332 due
945 2273 1022 2332 linee
1038 2292 1080 2348 αθ

583 2367 614 2422 et
641 2366 681 2439 ὺθ
713 2363 925 2439 protrahantur
958 2363 1078 2438 equales

583 2452 669 2512 lineis
697 2455 741 2512 aot
772 2455 802 2510 et
835 2453 876 2510 bd
907 2452 1119 2526 protractam

583 2542 676 2600 donec
690 2559 732 2615 αθ
746 2541 785 2599 sit
800 2538 914 2614 equalis
929 2541 981 2613 ad,
997 2543 1026 2597 et
1041 2542 1080 2615 αθ

62 2625 85 2679 b
513 2629 536 2666 a
584 2630 623 2689 sit
638 2629 752 2704 equalis
767 2630 821 2687 aa:
836 2627 911 2704 dico,
923 2627 1000 2685 illud
1016 2629 1079 2686 fore

583 2717 772 2793 impossibile.
825 2715 967 2776 Probatio
1007 2717 1078 2792 eius,

61 2808 212 2886 quoniam
224 2807 386 2883 producam
403 2808 514 2867 lineam
525 2809 577 2882 θα,
597 2810 627 2865 et
644 2806 817 2882 protraham
834 2805 909 2863 duas
927 2805 1021 2863 lineas
1038 2823 1079 2879 αθ

62 2901 96 2958 et
122 2898 168 2957 ad
190 2896 351 2955 secundum
371 2896 581 2956 rectitudinem
598 2914 692 2970 usque
712 2894 749 2952 ad
766 2895 825 2953 duo
844 2896 955 2975 puncta
975 2912 989 2952 c
1007 2896 1037 2952 et
1054 2911 1077 2953 a.
1092 2906 1118 2944 30

139 3071 183 3120 20.
203 3066 308 3131 decime
325 3064 450 3135 septime.
470 3096 504 3105 -
523 3070 564 3118 27.
584 3065 618 3129 de
637 3080 669 3129 eo
689 3063 760 3118 dica.

141 3246 167 3313 1)
185 3242 322 3295 Eucnmns
340 3241 361 3310 I,
381 3249 409 3296 7:
435 3242 467 3297 Si
485 3261 503 3296 a
521 3243 625 3296 duabu
639 3242 751 3310 puaotis
769 3240 890 3308 aliquam
908 3240 1008 3294 liuram
1025 3246 1077 3295 tar-

63 3315 239 3370 minantibus
261 3315 312 3369 dae
335 3314 403 3368 iiiuc
426 3315 463 3369 ad
480 3319 613 3382 plautum
634 3329 721 3366 auum
742 3317 927 3365 concurrentes
952 3312 1077 3378 exieriut,

64 3387 102 3440 ab
112 3386 213 3441 eisdem
221 3387 332 3454 punctis
341 3386 413 3438 alias
422 3386 509 3439 liacas
517 3384 641 3454 stapulas
649 3385 706 3438 suis
715 3383 953 3437 conterminalibus
962 3383 1076 3450 equales,

65 3474 118 3527 quc
136 3456 176 3510 ad
192 3456 280 3510 alicua
296 3462 468 3522 couwraut,
486 3457 518 3510 iu
533 3456 643 3510 caudam
658 3460 764 3523 partem
777 3454 841 3507 duci
854 3459 892 3508 est
904 3453 1074 3522 impossibiie.

140 3528 168 3597 2)
186 3525 310 3580 Psocnus
329 3531 388 3595 262,
407 3532 474 3593 deq.

892 3612 926 3664 υ
