2340 3834
99 169 165 234 274
387 167 553 222 ANARITII
573 166 830 222 COMMENTARII

100 337 180 413 quod
208 338 265 411 est,
293 339 329 394 ut
351 354 490 394 numerus
513 354 548 393 ex
570 354 692 394 numero
715 335 881 412 excipiatur
929 331 1142 412 mutunus

98 429 131 484 in
154 425 211 484 hoc
233 423 396 483 secundum
417 423 547 502 figuram
570 425 729 499 septimam
750 424 849 501 μή
869 423 1009 498 secunde,
1036 428 1136 500 quod

100 514 263 573 secundum
287 513 452 588 exemplum
472 513 691 572 demonstrabo.
726 509 857 591 ffignnbo
875 515 979 589 itaque
997 495 1132 589 lineam,

99 621 191 678 supra
215 621 306 677 quam
330 603 390 661 sint
413 620 446 677 a,
469 603 500 677 b,
527 620 588 677 que
608 602 649 660 ait
670 601 755 660 radix
777 603 886 680 viginti
911 603 1066 677 quinque,
1103 620 1131 659 ex

72 700 161 766 equa
184 690 315 750 dividam
336 691 449 748 lineam
470 692 517 766 dp,
541 709 598 765 que
622 691 662 749 sit

99 780 184 839 radix
207 782 346 854 quatuor.
382 777 458 838 Volo
481 780 586 854 itaque
606 779 660 836 mi·
831 762 849 815 'l

99 887 191 927 nuere
207 866 337 927 radicem
356 868 538 944 quaternarii
561 887 596 926 ex
614 887 660 926 ra·

100 957 164 1016 dice
196 957 304 1033 viginti
340 958 482 1033 quinque.
540 955 662 1014 Faciam

101 1065 171 1124 crgo
189 1064 279 1121 supra
298 1047 339 1105 ab
363 1045 541 1120 quadratum
559 1046 611 1119 ad,
632 1048 662 1103 ct
702 1047 1113 1100 Q—-——

60 1148 87 1188 ιο
100 1135 210 1194 faciam
233 1136 272 1193 bc
300 1134 436 1209 equalem
459 1134 513 1208 tp,
541 1136 572 1191 et
593 1153 661 1208 pro·

99 1223 219 1282 traham
240 1242 259 1281 a
278 1225 424 1298 punctae
447 1223 557 1280 lincam
579 1223 661 1296 equi·
724 1223 847 1298 ——l
1059 1283 1118 1292 μ
1129 1272 1140 1310 3

101 1313 262 1371 distantem
279 1312 356 1370 linea
376 1312 425 1385 ab,
447 1330 505 1385 quc
524 1310 564 1369 sit
581 1310 661 1368 linea
701 1283 718 1319 v

100 1420 151 1475 va3
180 1404 210 1459 ct
236 1400 345 1458 faciam
373 1417 465 1473 supra
488 1399 599 1457 lineam
622 1400 661 1472 by

102 1488 293 1565 quadratum,
321 1488 401 1563 quod
428 1488 468 1546 sit
492 1487 661 1563 superficies

60 1591 87 1632 lo
102 1580 150 1653 ba,
169 1580 200 1636 ct
217 1576 389 1652 protraham
402 1577 514 1635 lineam
525 1581 561 1650 pt
578 1577 661 1651 equi-

101 1667 262 1725 distantem
284 1665 360 1723 linae
380 1666 434 1740 bd,
458 1668 488 1723 et
508 1664 660 1740 complebo

102 1754 329 1828 descriptionem
351 1753 454 1830 figura.
499 1754 567 1812 Erit
590 1772 659 1829 crgo
701 1763 720 1816 d

101 1841 271 1917 supeiiicies
286 1844 330 1901 ad
347 1842 612 1918 vigintiquinque,
631 1845 661 1900 ct

101 1930 270 2006 superficias
285 1932 326 1989 ba
345 1931 402 1989 crit
421 1933 557 2006 quatuor,
580 1933 611 1988 ct
628 1929 795 2005 superficies
814 1947 856 1987 ac
875 1929 933 1986 erit
951 1928 1051 1996 decem,
1077 1910 1113 1970 et

61 2035 89 2074 ac
104 2019 159 2078 due
178 2019 347 2094 superficies
366 2021 401 2078 td
419 2022 450 2078 et
468 2021 508 2077 blo
526 2022 596 2077 sunt
614 2019 722 2077 decem.
758 2018 824 2075 Iam
842 2019 944 2075 autem
963 2015 1110 2074 ostensu111

101 2109 160 2167 fuit
185 2109 218 2166 in
244 2108 341 2185 figura
367 2109 494 2183 septima
518 2107 614 2183 partis
637 2107 776 2182 secunde,
804 2105 886 2181 qued
914 2103 1006 2163 omnis
1030 2099 1109 2186 lius}e

102 2197 195 2257 divise
223 2197 254 2255 in
278 2197 352 2256 duos
374 2199 475 2272 partes
498 2195 708 2271 multiplicatio
731 2195 763 2253 in
786 2213 817 2253 se
840 2194 937 2270 ipsam
961 2197 991 2251 ct
1010 2182 1107 2275 mulli?

101 2287 224 2362 plicatio
251 2287 341 2345 unius
369 2305 472 2344 aarum
499 2284 679 2344 divisionum
700 2284 732 2341 in
754 2302 785 2342 se
807 2283 906 2358 ipsam
930 2284 974 2340 est
996 2268 1107 2354 equdlls

101 2374 347 2452 multiplicationi
368 2375 445 2432 linae
467 2373 499 2431 in
521 2375 638 2449 partem
659 2373 744 2430 illam
766 2372 811 2430 bis
835 2374 866 2430 et
888 2370 1011 2429 alterius
1028 2367 1056 2424 iu
1073 2365 1106 2411 ⁵⁰

62 2478 88 2520 25
102 2465 199 2541 ipsam
225 2463 279 2521 bia.
323 2462 535 2538 Multiplicatio
563 2463 604 2521 ab
630 2461 663 2518 in
690 2461 841 2536 seipsam
864 2463 909 2518 est
933 2460 988 2532 25,
1016 2458 1043 2514 et
1065 2445 1108 2510 bd

102 2553 134 2610 in
166 2571 197 2611 sc
227 2551 325 2626 ipsam
357 2554 402 2609 est
433 2553 467 2626 4,
495 2553 526 2609 et
557 2568 672 2609 summa
699 2550 825 2608 duorum
851 2567 1039 2607 numerorum
1063 2525 1111 2624 ⁰⁵3⁰

102 2640 212 2717 viginti
238 2659 356 2712 novem,
386 2639 497 2698 scilicet
525 2639 650 2697 duorum
677 2638 899 2714 quadratorum
945 2637 987 2694 Et
1012 2621 1112 2715 muli?

103 2728 226 2804 plicatio
250 2730 291 2787 ab
314 2728 345 2785 in
368 2729 408 2801 tp
429 2728 475 2787 bis
499 2730 544 2788 est
565 2727 682 2804 uiginti,
705 2729 839 2785 remanet
861 2744 941 2802 ergo,
963 2727 999 2783 ut
1022 2714 1117 2809 c9¹¹¹¹

104 2835 135 2876 se
158 2812 295 2895 <ipsam>
318 2816 357 2874 sit
379 2817 532 2874 residuum
554 2815 683 2891 numeri,
712 2815 791 2891 quod
816 2818 1004 2886 estuantem,
1030 2797 1121 2896 affl

63 2920 91 2960 ao
104 2905 189 2964 radix
212 2909 257 2963 est
274 2905 430 2963 ternarius,
466 2905 547 2981 Ergo
565 2904 714 2962 temerius
734 2908 779 2962 cst
796 2903 880 2961 radix
898 2901 1009 2979 viginti
1027 2894 1126 2976 quin·

105 3014 163 3069 quc
186 2997 308 3068 excepta
330 2993 427 3052 radice
451 2993 642 3068 quaternarii.
682 2993 748 3051 Iam
769 2991 864 3070 igitur
887 2994 1039 3050 ostensum
1065 2960 1135 3032 θεὴ

105 3083 251 3159 quomodo
270 3082 354 3140 radix
372 3083 485 3140 numeri
505 3101 540 3140 cx
558 3081 656 3139 radice
675 3081 789 3140 numeri
807 3081 972 3156 minuatur3
993 3082 1024 3138 ct
1038 3035 1143 3136 illud

106 3175 163 3247 est,
187 3170 267 3247 quod
289 3171 490 3229 demonstrare
513 3170 670 3229 voluimus.
1150 3209 1162 3260 p

194 3259 278 3328 Quod
309 3259 335 3316 si
366 3260 457 3317 etiam
488 3259 686 3317 inveniremus
717 3257 831 3316 radices
861 3257 1053 3334 compositas
1098 3230 1163 3351 ,ἶ

63 3363 92 3406 ao
105 3348 286 3411 voluerimus
310 3367 359 3407 aas
383 3366 544 3426 aggregare
569 3350 621 3406 aut
643 3347 682 3405 ad
704 3347 830 3406 invicem
853 3347 1001 3419 minuere,
1026 3337 1130 3403 fao*

104 3469 317 3483 .........-.---

169 3546 192 3596 1.
214 3539 291 3611 quod
311 3540 437 3598 iteratur.
457 3569 495 3578 -
512 3541 558 3592 ta.
577 3535 631 3607 col
642 3536 706 3589 adt.
723 3563 757 3572 —
772 3539 819 3584 Ἃ.
832 3532 925 3600 partie
942 3531 1081 3602 septime,
