2340 3834
464 175 747 231 PROLEGOMENA.
1049 174 1115 229 XIII

104 337 215 391 buntur.
257 335 290 389 In
312 335 387 390 notis
410 335 498 406 igitur
520 335 680 390 addidimus
703 336 812 389 textum
830 334 1054 405 propositionum
1072 351 1114 389 se·

105 415 224 469 cundum
251 415 403 470 lectionem
431 414 563 470 editionis
592 415 716 468 Ermum
738 416 868 469 Rirnom
894 415 1020 470 Venetiis
1046 421 1114 469 1482

105 495 237 550 versionis
248 496 368 551 Canem
377 497 396 566 ¹)
411 513 483 564 quae
496 513 560 550 cum
574 498 603 549 et
615 495 679 564 ipsa
693 496 814 549 exiente
828 495 948 549 Arabico
960 494 1114 564 defluxerit,

104 576 201 631 melius
222 594 285 630 cum
303 577 429 631 versione
448 577 484 630 ab
504 575 686 630 An-Nrnumo
706 575 836 630 adhibita
851 575 1024 629 consensisse
1039 574 1114 628 vide-

103 659 148 710 tur
166 673 254 726 quam
272 659 366 711 textus
385 655 507 710 Graecus
525 656 679 709 Hnmnaon.

174 736 244 790 Cum
268 736 361 790 adhue
383 735 413 789 in
437 738 535 789 octavo
558 735 631 790 libro
656 735 728 789 duae
748 735 907 790 additiones
925 735 1047 789 Hnnours
1065 735 1115 789 ad-

102 816 237 885 ferantur,
253 815 468 871 commentarios
481 815 540 870 eius
554 831 642 883 usque
657 814 694 869 ad
708 814 782 867 hunc
795 813 898 868 librum
913 831 942 868 se
957 813 1114 868 extendisse

102 893 337 949 verisimillimum
350 894 467 950 videtur.
497 894 574 960 Quae
593 894 694 948 deinde
713 894 743 947 in
757 894 829 948 libro
844 911 917 949 nono
937 897 966 948 et
979 894 1010 947 in
1023 894 1114 963 prima

102 978 184 1044 parte
209 973 311 1028 decimi
334 974 466 1044 leguntur
490 974 577 1029 etiam
599 991 634 1028 ex
656 975 734 1028 sonte
756 973 861 1028 Graeco
880 991 1009 1028 manasse
1026 976 1114 1043 patet.

104 1055 136 1108 ln
154 1054 280 1108 secunda
298 1056 392 1108 autem
410 1058 491 1124 parte
515 1053 618 1109 decimi
635 1053 701 1108 libri
721 1054 812 1107 solum
830 1054 953 1107 Arabem
972 1054 1115 1123 sentimus,

105 1135 180 1203 quod
200 1136 229 1188 et
246 1133 337 1188 forma
355 1133 572 1189 elocutionis-
586 1136 630 1189 ut:
648 1135 674 1188 si
692 1136 757 1189 deus
774 1135 891 1190 coluerit
904 1167 937 1174 -
954 1137 982 1188 et
999 1151 1051 1187 usu
1065 1150 1115 1187 no·

106 1217 199 1268 tarum
212 1230 398 1282 numerorum,
415 1231 487 1282 quae
501 1213 640 1269 Arabicae
655 1213 795 1283 dicuntur,
815 1216 844 1268 et
858 1214 990 1284 algebrae
1005 1213 1117 1267 eviden-

105 1293 214 1348 tissime
238 1294 456 1363 demonstratur,
472 1294 514 1347 'ut
535 1310 625 1362 paene
644 1294 741 1348 credas
766 1294 823 1348 duo
842 1296 973 1364 separata
997 1310 1082 1363 opera
1100 1309 1117 1346 a

106 1373 254 1427 Gunrmno
275 1372 305 1425 in
322 1390 409 1426 unum
428 1390 496 1442 opus
515 1373 677 1427 consociata
703 1390 771 1428 csse.
808 1374 957 1428 Praeterea
975 1373 1029 1426 hoc
1047 1371 1119 1425 veri-

107 1451 225 1506 similius
253 1453 297 1522 fit,
327 1470 389 1506 cum
412 1453 442 1506 in
464 1453 518 1507 fine
541 1453 648 1522 primae
670 1452 759 1523 partis
783 1453 849 1506 libri
873 1452 974 1507 decimi
997 1454 1026 1506 et
1049 1454 1115 1506 ante

106 1533 220 1586 initium
248 1533 387 1587 secundae
415 1533 487 1587 duae
514 1533 719 1604 propositiones
747 1532 814 1586 libri
841 1531 920 1602 noni,
948 1532 1064 1586 Xlllma
1087 1535 1116 1586 et

106 1613 319 1682 XXXVIHlma,
338 1611 368 1665 id
388 1614 431 1667 est
444 1613 553 1683 ultima,
568 1614 709 1668 addantur
722 1613 862 1684 genuinae
875 1611 1010 1667 versionis
1022 1611 1116 1665 Eucli-

107 1693 185 1760 deae,
199 1691 319 1746 fortasse
329 1692 443 1746 unicum
452 1693 641 1764 fragmentum
655 1691 896 1763 interpretationis
906 1691 1115 1746 Gherardianae

106 1772 245 1826 Euomms.
281 1772 340 1825 Has
359 1772 429 1825 duas
447 1772 662 1842 propositiones,
681 1775 714 1826 ut
731 1773 775 1827 fas
794 1775 863 1843 erat,
882 1789 955 1826 nono
974 1771 1047 1825 libro
1065 1786 1115 1824 suo

107 1858 247 1920 quamque
266 1850 328 1905 loco
348 1851 451 1905 addere
468 1852 583 1921 placuit.

178 1930 256 1995 Quae
276 1932 312 1984 ad
330 1933 439 1984 textum
458 1931 562 1985 codicis
582 1932 712 1986 addenda
730 1930 902 2001 putavimus,
920 1930 999 1984 uncis
1018 1929 1115 1984 fractis

108 2009 162 2083 <>
181 2009 353 2080 inclusimus,
372 2009 526 2064 reiicienda
544 2028 607 2066 vero
626 2010 705 2065 uncis
724 2010 869 2079 quadratis
890 2011 925 2082 []
944 2010 1116 2064 circumdata

107 2091 181 2145 sunt.
227 2089 299 2144 Unci
321 2090 434 2145 rotundi
458 2093 490 2161 ()
517 2090 589 2145 nihil
612 2091 691 2146 aliud
714 2093 780 2145 sunt
801 2090 857 2144 nisi
881 2087 1115 2159 interpunctionis

107 2170 203 2240 signa,
225 2186 316 2238 neque
336 2171 372 2224 ad
390 2187 450 2224 rem
467 2170 594 2225 criticam
612 2169 761 2240 pertinent.
799 2170 940 2238 Lacunas,
963 2187 1033 2238 quas
1053 2187 1116 2238 sup-

108 2249 184 2319 plere
212 2267 270 2305 non
295 2249 452 2320 potuimus,
480 2250 551 2304 serie
578 2253 746 2320 punctorum
862 2248 1116 2318 determinavimus,

108 2329 214 2383 lineola
232 2329 381 2401 verticalis
401 2329 463 2386 finis
482 2329 650 2400 paginarum
668 2329 773 2384 codicis
793 2330 951 2383 adnotatur.
989 2329 1021 2382 In
1039 2327 1117 2382 varia

108 2408 229 2464 lectione
248 2425 356 2479 eorum,
385 2427 457 2478 quae
480 2409 558 2464 uncis
577 2409 754 2480 inclusimus,
783 2412 812 2464 et
833 2409 997 2462 lacunarum
1015 2408 1117 2463 iterum

108 2489 281 2543 mentionem
303 2489 395 2543 facere
419 2505 674 2558 supervacanenum
696 2489 864 2559 putavimus.
901 2491 934 2543 In
957 2488 1117 2543 adnotatio-

107 2569 191 2623 nibus
209 2567 273 2622 loca
289 2569 392 2622 Pnocm
411 2571 440 2623 et
458 2569 579 2624 aliorum
597 2569 634 2623 ad
652 2571 761 2623 textum
780 2569 954 2623 Ars-Numan
973 2568 1117 2623 declaran-

109 2649 177 2702 dum
195 2646 278 2702 utilia
297 2647 480 2703 laudavimus.

179 2729 213 2782 ln
241 2745 292 2782 sua
319 2728 444 2783 versione
470 2730 633 2785 duramnus
660 2745 749 2798 paene
777 2746 920 2797 nunquam
948 2726 1117 2797 superlativo

108 2809 210 2876 utitur,
235 2809 285 2862 sed
303 2808 363 2862 solo
382 2809 571 2878 comparativo
595 2826 659 2863 cum
677 2825 760 2862 sensu
783 2808 952 2878 superlativi.
990 2807 1118 2877 Exempli

109 2887 202 2957 gratia
220 2906 248 2957 p.
264 2893 293 2955 ὅ,
311 2887 330 2942 l.
347 2893 379 2941 22
398 2887 530 2958 legimus:
559 2891 663 2945 brevior
680 2890 812 2944 diaconato
832 2906 882 2959 pro
902 2890 1057 2944 meoissicro
1075 2889 1116 2942 di-

108 2967 218 3036 measia
239 2969 267 3020 et
282 2965 390 3020 ibidem
404 2973 428 3037 1,
444 2973 491 3022 34:
510 2985 572 3023 cam
590 2970 705 3024 mentori
723 2970 796 3024 liaeo
813 2987 864 3038 pro
883 2986 945 3024 cum
963 2969 1117 3023 breuisss'ma

182 3119 207 3186 1)
234 3116 439 3172 Proclarislimfl
462 3135 531 3187 opus
557 3118 722 3192 elementoip
740 3118 866 3173 Euclidis
889 3118 1038 3188 megaresis
1063 3125 1118 3171 vna

111 3187 489 3316 pulicptsjmelnltisfigamppnp)
502 3188 699 3314 pspicpcissintii
717 3190 749 3273 in
769 3189 1000 3314 aitpdpeomstria
1017 3188 1119 3312 ipcipit

109 3275 265 3399 gioiietiia
293 3276 411 3384 artseIn
433 3330 463 3384 id
486 3277 580 3400 (pppqp
594 3277 994 3404 esiniinilpsisrilnifflpespiiciciiiiriiir
995 3277 1119 3386 {163AE

108 3400 234 3454 tationes
253 3400 342 3456 finiut.
373 3401 515 3456 Erhardus
533 3403 640 3457 ratdolt
653 3402 838 3473 Augustensis
857 3402 999 3472 impressor
1015 3409 1019 3472 ι
1035 3400 1118 3455 soler-

108 3471 238 3526 tissimus.
289 3473 406 3542 venetijs
429 3473 572 3543 impressit.
623 3474 704 3528 Anno
731 3473 836 3528 salutis.
869 3474 906 3528 M.
931 3491 1001 3528 cccc.
1021 3472 1119 3538 lxxxii.

109 3541 235 3598 Octauio,
254 3541 347 3599 eden.
365 3547 369 3616 Ι
384 3544 448 3598 Jur'r.
486 3544 593 3599 Lector.
666 3544 747 3600 Vale.
