2340 3834
100 155 142 220 70
383 152 549 207 ANARITII
568 151 824 208 COMMENTARH

97 340 169 399 aaa,
196 323 248 382 ael
275 326 321 381 est
347 321 461 398 equalis
490 322 600 399 angulo
628 323 700 395 dae,
733 320 814 396 quod
841 322 886 379 est
912 318 1111 395 impossibile:

97 431 167 488 crgo
196 411 252 470 due
279 411 356 470 linee
385 413 439 486 ab,
465 411 510 484 qd
536 413 607 468 sunt
633 409 861 486 equidistantes3
895 411 925 468 et
950 407 1030 466 illud
1059 411 1111 484 est,

98 500 178 577 quod
200 500 400 560 demonstrare
423 498 579 559 voluimus,

163 589 282 648 Aoums
300 607 379 666 uero,
403 588 564 647 secundum
581 587 797 663 probationem,
819 585 927 662 inquit,
947 585 1112 645 reducatur

71 677 194 756 afigura
215 679 283 752 31⁸,
311 697 369 753 que
392 676 435 736 sic
456 677 575 752 incipit:
599 675 689 736 Volo
707 676 919 751 protrahere
939 693 957 735 a
975 677 1111 750 puncto

97 767 181 825 dato
210 765 304 825 linec
332 769 429 825 recte
452 765 585 825 lincam
609 765 905 841 equidistantem,
934 763 1020 823 ouius
1044 783 1111 839 pro·

96 854 179 914 batio
212 854 251 913 sit
283 855 445 914 secundum
476 854 683 931 probationem
714 854 878 929 Euonrors,
911 854 941 910 et
974 851 1113 912 similiter

97 944 156 1003 alie
182 943 289 1020 figure,
317 963 391 1020 quas
418 943 578 1004 nominabo
605 945 674 1018 post
695 942 793 1001 istam.
834 942 880 1000 Ex
903 940 1044 1016 operibus
1069 943 1112 1000 est

96 1032 194 1110 figura
209 1034 264 1090 32³
278 1032 487 1108 sicincipiens:
503 1031 789 1107 Superficierum
804 1029 1112 1107 equidistantium

58 1136 84 1174 ro
97 1121 253 1180 laterum
280 1124 398 1181 latera
427 1121 594 1196 opposita
623 1123 657 1179 et
685 1119 811 1197 anguli
838 1119 1004 1194 oppositi
1026 1121 1113 1178 sunt

99 1211 258 1286 equalcs3
295 1213 325 1268 et
358 1212 426 1269 33⁸:
463 1209 571 1268 Lince
608 1209 670 1267 uni
706 1208 804 1266 linea
836 1207 1113 1284 equidistantcs

98 1302 180 1358 sunt
209 1299 491 1375 equidistantes3
520 1301 550 1357 et
574 1299 643 1356 34³:
670 1297 779 1356 Linea
802 1300 911 1373 recte,
936 1316 1004 1372 que
1028 1315 1112 1356 oon-

98 1388 253 1466 iungunt
271 1387 441 1462 spatium,
462 1386 554 1462 quod
573 1389 627 1444 est
644 1386 741 1444 inter
759 1385 846 1444 duas
865 1385 981 1444 lineas
1002 1405 1113 1461 equa-

98 1478 149 1536 les
173 1479 207 1536 et
231 1475 511 1551 equidistanteS,
539 1477 621 1534 sunt
645 1474 752 1534 etiam
776 1475 924 1550 equales
949 1476 984 1532 et
1008 1475 1114 1550 equi-

59 1578 84 1618 15
99 1566 293 1638 distantes,
319 1568 348 1622 et
372 1565 439 1622 35³:
464 1564 501 1622 Si
522 1564 620 1622 linea
638 1567 738 1622 recta
757 1582 865 1638 super
883 1563 970 1621 duas
989 1566 1115 1622 rectas

99 1653 284 1728 ceciderit,
317 1655 351 1711 ct
382 1652 522 1711 fuerint
554 1652 620 1711 duo
653 1652 780 1729 anguli
807 1651 1016 1727 intrinseci,
1052 1653 1116 1728 qui

99 1746 181 1801 sunt
212 1742 248 1799 in
279 1744 382 1816 parte
410 1760 490 1816 una,
522 1741 676 1800 minores
704 1740 841 1799 duobus
869 1740 996 1814 rectia,
1030 1760 1115 1800 con·

99 1832 261 1905 currunt,
285 1830 364 1906 quod
386 1830 441 1889 hoo
464 1830 551 1889 modo
576 1830 757 1889 declaratur:

165 1919 303 1994 Exempli
325 1937 416 1978 causa
434 1918 494 1978 sint
512 1919 569 1977 due
588 1921 667 1978 recte
686 1919 763 1976 linee
783 1919 833 1993 ab,
849 1918 902 1992 od,
925 1936 1016 1993 super
1035 1937 1114 1993 quas

64 2023 91 2062 ao
105 2007 193 2066 cadat
214 2007 294 2065 linea
317 2016 398 2066 recta
422 2026 468 2083 aa,
493 2010 523 2066 et
545 2007 722 2082 proveniant
746 2006 805 2065 duo
829 2006 940 2084 anguli,
965 2006 1116 2081 quisunt

97 2096 129 2154 in
151 2098 237 2171 parte
260 2116 321 2155 una
344 2097 472 2155 minores
496 2095 610 2155 duobus
633 2096 735 2154 rectis:
760 2095 825 2154 dico
849 2114 928 2171 ergo,
953 2095 1034 2170 quod
1053 2095 1115 2155 due

97 2185 174 2244 linae
207 2187 261 2261 ab,
291 2187 336 2260 pol
368 2187 549 2245 concurrunt
579 2184 611 2242 in
641 2187 726 2260 parte
752 2183 815 2241 illa.
866 2183 1008 2242 Probatio
1038 2184 1115 2244 eius.

99 2273 244 2343 Quoniam
272 2293 362 2349 supra
389 2277 532 2350 punctum
558 2291 575 2333 a
602 2273 711 2331 faciam
737 2271 864 2330 transire
892 2272 1003 2331 lineam
1028 2274 1115 2349 equi-

98 2363 259 2422 distantem
294 2363 372 2421 linea
405 2365 458 2437 ab,
496 2361 747 2438 quemadmodum
782 2379 867 2435 posse
905 2361 1043 2436 protrahi
1079 2383 1116 2421 ex

58 2464 84 2504 25
97 2451 272 2526 probatione
304 2451 454 2510 Euonrors
491 2451 522 2508 in
555 2451 651 2528 figura
680 2451 736 2508 31⁸
767 2449 972 2527 manifestum,
1010 2450 1115 2526 sitque

96 2539 176 2598 linea
207 2541 253 2598 ab.
312 2539 352 2597 Et
384 2539 557 2612 protraham
589 2537 721 2614 spatium
751 2536 830 2596 inter
866 2557 915 2597 eas
948 2539 1115 2598 secundum

96 2627 223 2706 liguram
254 2627 438 2686 undecimam
470 2628 556 2686 huius
589 2627 696 2702 partis,
730 2646 787 2702 que
820 2628 865 2685 est
891 2627 971 2685 linea
999 2644 1048 2703 ea,
1083 2632 1115 2688 et

97 2735 207 2792 ponam
234 2734 322 2790 super
348 2715 458 2774 lineam
485 2717 525 2776 ad
552 2719 708 2792 punctum,
738 2715 946 2791 quoquomodo
970 2715 1069 2792 cadat,
1095 2737 1114 2776 a

98 2825 158 2881 quo
189 2804 352 2880 producam
383 2804 657 2880 perpendicularem
689 2823 777 2879 super
808 2805 919 2863 lineam
949 2822 999 2879 ze,
1033 2803 1115 2865 sicut

58 2908 85 2947 ao
98 2893 289 2953 manifestum
312 2897 357 2953 est
379 2912 464 2968 posse
487 2893 552 2951 fieri
574 2913 610 2951 ex
635 2893 690 2951 hac
708 2893 805 2971 figura
823 2892 987 2968 undecima,
1011 2893 1114 2970 sitque

97 2983 177 3042 linea
201 2984 238 3058 tl,
262 2985 292 3041 et
315 2982 446 3042 dividam
469 2982 579 3040 lineam
601 2999 637 3042 ze
658 2981 691 3039 in
708 2981 766 3041 duo
786 2981 892 3057 media,
916 2981 992 3040 sicut
1011 2987 1114 3042 osten-

98 3090 163 3130 sum
187 3075 231 3130 est
254 3090 289 3129 cx
311 3070 485 3147 probatione
507 3070 600 3148 figure
625 3069 749 3145 decime,
778 3072 808 3128 et
830 3069 1022 3129 medietatem
1047 3072 1113 3132 eius

98 3160 129 3218 in
148 3160 206 3219 duo
225 3160 330 3236 media,
349 3180 446 3235 neque
466 3159 595 3236 cessabo,
614 3158 686 3235 quin
704 3159 759 3217 hoc
777 3159 894 3234 faciam,
915 3158 1007 3218 donec
1021 3161 1115 3220 cadat

99 3249 190 3308 sectio
214 3249 277 3308 eius
301 3250 376 3309 citra
399 3251 542 3324 punctum
563 3250 580 3306 l.
624 3246 719 3306 Gadat
737 3267 807 3324 ergo
826 3247 916 3306 sectio
936 3248 1000 3306 cius
1019 3266 1115 3325 supra

60 3349 85 3391 ae
98 3342 244 3414 punctum
266 3357 307 3397 m:
330 3338 522 3396 manifestum
546 3339 590 3395 est
613 3355 692 3413 ergo,
716 3337 794 3411 quod
813 3340 957 3412 punctum
974 3355 1004 3394 m
1022 3332 1114 3417 (est)

163 3531 204 3578 36.
225 3525 285 3580 Pro
296 3525 395 3595 praem
411 3541 440 3578 m
460 3523 561 3594 Mscpt.
579 3523 623 3579 loa
639 3523 758 3594 praebet.
