<?xml version="1.0" encoding="UTF-8"?>
<!DOCTYPE html PUBLIC "-//W3C//DTD XHTML 1.0 Transitional//EN"
    "http://www.w3.org/TR/xhtml1/DTD/xhtml1-transitional.dtd">
<html xmlns="http://www.w3.org/1999/xhtml" xml:lang="en" lang="en">
 <head>
  <title>
</title>
<meta http-equiv="Content-Type" content="text/html;charset=utf-8" />
  <meta name='ocr-system' content='tesseract 3.04.00' />
  <meta name='ocr-capabilities' content='ocr_page ocr_carea ocr_par ocr_line ocrx_word'/>
</head>
<body>
  <div class='ocr_page' id='page_1' title='image "./euclidisoperaom14unkngoog_0214.png"; bbox 0 0 2340 3834; ppageno 0'>
   <div class='ocr_carea' id='block_1_1' title="bbox 118 145 1082 214">
    <p class='ocr_par' dir='ltr' id='par_1_1' title="bbox 118 145 1082 214">
     <span class='ocr_line' id='line_1_1' title="bbox 118 145 1082 214; baseline 0.005 -15"><span class='ocrx_word' id='word_1_1' title='bbox 118 145 283 200; x_wconf 77' lang='lat' dir='ltr'><strong>ANARITII</strong></span> <span class='ocrx_word' id='word_1_2' title='bbox 301 145 558 202; x_wconf 81' lang='lat' dir='ltr'><strong>COMMENTARII</strong></span> <span class='ocrx_word' id='word_1_3' title='bbox 576 147 626 201; x_wconf 85' lang='lat' dir='ltr'>AD</span> <span class='ocrx_word' id='word_1_4' title='bbox 644 146 830 202; x_wconf 79' lang='lat' dir='ltr'>EUCLIDEM</span> <span class='ocrx_word' id='word_1_5' title='bbox 846 147 913 201; x_wconf 88' lang='lat' dir='ltr'>LIB.</span> <span class='ocrx_word' id='word_1_6' title='bbox 929 147 975 202; x_wconf 89' lang='lat' dir='ltr'>VI.</span> <span class='ocrx_word' id='word_1_7' title='bbox 1018 151 1082 214; x_wconf 75' lang='grc'>177</span> 
     </span>
    </p>
   </div>
   <div class='ocr_carea' id='block_1_2' title="bbox 51 315 1123 2971">
    <p class='ocr_par' dir='ltr' id='par_1_2' title="bbox 66 315 1083 392">
     <span class='ocr_line' id='line_1_2' title="bbox 66 315 1083 392; baseline 0.004 -20"><span class='ocrx_word' id='word_1_8' title='bbox 66 315 247 373; x_wconf 85' lang='lat' dir='ltr'>Differentia</span> <span class='ocrx_word' id='word_1_9' title='bbox 271 318 379 390; x_wconf 89' lang='lat' dir='ltr'>autem,</span> <span class='ocrx_word' id='word_1_10' title='bbox 402 335 460 392; x_wconf 91' lang='lat' dir='ltr'>que</span> <span class='ocrx_word' id='word_1_11' title='bbox 484 320 529 374; x_wconf 91' lang='lat' dir='ltr'>est</span> <span class='ocrx_word' id='word_1_12' title='bbox 550 315 629 374; x_wconf 87' lang='lat' dir='ltr'>inter</span> <span class='ocrx_word' id='word_1_13' title='bbox 652 315 762 374; x_wconf 82' lang='lat' dir='ltr'>similes</span> <span class='ocrx_word' id='word_1_14' title='bbox 786 320 816 374; x_wconf 89' lang='lat' dir='ltr'>et</span> <span class='ocrx_word' id='word_1_15' title='bbox 834 316 1007 392; x_wconf 78' lang='lat' dir='ltr'>alternatus,</span> <span class='ocrx_word' id='word_1_16' title='bbox 1029 319 1083 376; x_wconf 88' lang='lat' dir='ltr'>heo</span> 
     </span>
    </p>

    <p class='ocr_par' dir='ltr' id='par_1_3' title="bbox 68 404 1082 482">
     <span class='ocr_line' id='line_1_3' title="bbox 68 404 1082 482; baseline 0.003 -20"><span class='ocrx_word' id='word_1_17' title='bbox 68 407 130 477; x_wconf 90' lang='lat' dir='ltr'>est,</span> <span class='ocrx_word' id='word_1_18' title='bbox 158 404 237 479; x_wconf 94' lang='lat' dir='ltr'>quod</span> <span class='ocrx_word' id='word_1_19' title='bbox 265 405 397 464; x_wconf 89' lang='lat' dir='ltr'>omnium</span> <span class='ocrx_word' id='word_1_20' title='bbox 425 406 551 463; x_wconf 91' lang='lat' dir='ltr'>duarum</span> <span class='ocrx_word' id='word_1_21' title='bbox 578 405 742 482; x_wconf 86' lang='lat' dir='ltr'>figurarum</span> <span class='ocrx_word' id='word_1_22' title='bbox 769 405 914 463; x_wconf 86' lang='lat' dir='ltr'>similium</span> <span class='ocrx_word' id='word_1_23' title='bbox 935 407 1082 465; x_wconf 89' lang='lat' dir='ltr'>rectiline-</span> 
     </span>
    </p>

    <p class='ocr_par' dir='ltr' id='par_1_4' title="bbox 68 493 1082 568">
     <span class='ocr_line' id='line_1_4' title="bbox 68 493 1082 568; baseline 0.003 -17"><span class='ocrx_word' id='word_1_24' title='bbox 68 513 170 567; x_wconf 88' lang='lat' dir='ltr'>arum,</span> <span class='ocrx_word' id='word_1_25' title='bbox 197 493 223 551; x_wconf 89' lang='lat' dir='ltr'>si</span> <span class='ocrx_word' id='word_1_26' title='bbox 249 493 281 550; x_wconf 92' lang='lat' dir='ltr'>in</span> <span class='ocrx_word' id='word_1_27' title='bbox 308 512 368 551; x_wconf 88' lang='lat' dir='ltr'>una</span> <span class='ocrx_word' id='word_1_28' title='bbox 393 494 485 551; x_wconf 87' lang='lat' dir='ltr'>fuerit</span> <span class='ocrx_word' id='word_1_29' title='bbox 512 495 698 568; x_wconf 74' lang='lat' dir='ltr'>antecedens,</span> <span class='ocrx_word' id='word_1_30' title='bbox 726 494 758 551; x_wconf 92' lang='lat' dir='ltr'>in</span> <span class='ocrx_word' id='word_1_31' title='bbox 786 495 880 552; x_wconf 87' lang='lat' dir='ltr'>altera</span> <span class='ocrx_word' id='word_1_32' title='bbox 904 495 961 553; x_wconf 92' lang='lat' dir='ltr'>erit</span> <span class='ocrx_word' id='word_1_33' title='bbox 984 515 1082 555; x_wconf 69' lang='lat' dir='ltr'>conse·⁴</span> 
     </span>
    </p>

    <p class='ocr_par' dir='ltr' id='par_1_5' title="bbox 67 581 1123 747">
     <span class='ocr_line' id='line_1_5' title="bbox 67 581 1083 657; baseline 0.005 -18"><span class='ocrx_word' id='word_1_34' title='bbox 67 601 172 656; x_wconf 89' lang='lat' dir='ltr'>quens,</span> <span class='ocrx_word' id='word_1_35' title='bbox 195 602 291 657; x_wconf 90' lang='lat' dir='ltr'>neque</span> <span class='ocrx_word' id='word_1_36' title='bbox 313 582 346 639; x_wconf 94' lang='lat' dir='ltr'>in</span> <span class='ocrx_word' id='word_1_37' title='bbox 369 602 412 657; x_wconf 86' lang='lat' dir='ltr'>ea,</span> <span class='ocrx_word' id='word_1_38' title='bbox 434 583 466 640; x_wconf 92' lang='lat' dir='ltr'>in</span> <span class='ocrx_word' id='word_1_39' title='bbox 490 603 548 657; x_wconf 87' lang='lat' dir='ltr'>qua</span> <span class='ocrx_word' id='word_1_40' title='bbox 572 587 617 641; x_wconf 89' lang='lat' dir='ltr'>est</span> <span class='ocrx_word' id='word_1_41' title='bbox 639 581 822 657; x_wconf 76' lang='lat' dir='ltr'>antecedens,</span> <span class='ocrx_word' id='word_1_42' title='bbox 844 583 998 642; x_wconf 84' lang='lat' dir='ltr'>invenitur</span> <span class='ocrx_word' id='word_1_43' title='bbox 1016 605 1083 644; x_wconf 92' lang='lat' dir='ltr'>con·</span> 
     </span>
     <span class='ocr_line' id='line_1_6' title="bbox 67 671 1123 747; baseline 0.004 -19"><span class='ocrx_word' id='word_1_44' title='bbox 67 689 209 746; x_wconf 87' lang='lat' dir='ltr'>sequens,</span> <span class='ocrx_word' id='word_1_45' title='bbox 236 691 331 747; x_wconf 90' lang='lat' dir='ltr'>neque</span> <span class='ocrx_word' id='word_1_46' title='bbox 358 671 390 728; x_wconf 89' lang='lat' dir='ltr'>in</span> <span class='ocrx_word' id='word_1_47' title='bbox 418 690 466 746; x_wconf 87' lang='lat' dir='ltr'>ea,</span> <span class='ocrx_word' id='word_1_48' title='bbox 493 672 525 729; x_wconf 92' lang='lat' dir='ltr'>in</span> <span class='ocrx_word' id='word_1_49' title='bbox 552 691 613 747; x_wconf 90' lang='lat' dir='ltr'>qua</span> <span class='ocrx_word' id='word_1_50' title='bbox 641 674 686 729; x_wconf 87' lang='lat' dir='ltr'>est</span> <span class='ocrx_word' id='word_1_51' title='bbox 713 690 905 747; x_wconf 86' lang='lat' dir='ltr'>consequens,</span> <span class='ocrx_word' id='word_1_52' title='bbox 932 673 1083 733; x_wconf 85' lang='lat' dir='ltr'>invenitur</span> <span class='ocrx_word' id='word_1_53' title='bbox 1110 684 1123 724; x_wconf 76' lang='lat'><strong>5</strong></span> 
     </span>
    </p>

    <p class='ocr_par' dir='ltr' id='par_1_6' title="bbox 67 760 1084 837">
     <span class='ocr_line' id='line_1_7' title="bbox 67 760 1084 837; baseline 0.004 -20"><span class='ocrx_word' id='word_1_54' title='bbox 67 760 255 817; x_wconf 87' lang='lat' dir='ltr'>antecedens.</span> <span class='ocrx_word' id='word_1_55' title='bbox 300 760 457 819; x_wconf 86' lang='lat' dir='ltr'>Alternate</span> <span class='ocrx_word' id='word_1_56' title='bbox 479 779 548 820; x_wconf 84' lang='lat' dir='ltr'>vero</span> <span class='ocrx_word' id='word_1_57' title='bbox 573 763 651 835; x_wconf 90' lang='lat' dir='ltr'>sunt,</span> <span class='ocrx_word' id='word_1_58' title='bbox 674 760 705 817; x_wconf 89' lang='lat' dir='ltr'>in</span> <span class='ocrx_word' id='word_1_59' title='bbox 730 780 857 835; x_wconf 88' lang='lat' dir='ltr'>quarum</span> <span class='ocrx_word' id='word_1_60' title='bbox 878 781 947 837; x_wconf 89' lang='lat' dir='ltr'>una,</span> <span class='ocrx_word' id='word_1_61' title='bbox 971 762 1084 821; x_wconf 89' lang='lat' dir='ltr'>scilicet</span> 
     </span>
    </p>

    <p class='ocr_par' dir='ltr' id='par_1_7' title="bbox 67 844 1084 927">
     <span class='ocr_line' id='line_1_8' title="bbox 67 844 1084 927; baseline 0.005 -22"><span class='ocrx_word' id='word_1_62' title='bbox 67 848 181 923; x_wconf 84' lang='lat' dir='ltr'>prima,</span> <span class='ocrx_word' id='word_1_63' title='bbox 208 849 359 908; x_wconf 84' lang='lat' dir='ltr'>invenitur</span> <span class='ocrx_word' id='word_1_64' title='bbox 382 851 570 924; x_wconf 72' lang='lat' dir='ltr'>antecedens,</span> <span class='ocrx_word' id='word_1_65' title='bbox 597 854 661 907; x_wconf 89' lang='lat' dir='ltr'>tum</span> <span class='ocrx_word' id='word_1_66' title='bbox 684 844 757 927; x_wconf 85' lang='lat' dir='ltr'>&lt;in&gt;</span> <span class='ocrx_word' id='word_1_67' title='bbox 780 851 910 908; x_wconf 81' lang='lat' dir='ltr'>secunde</span> <span class='ocrx_word' id='word_1_68' title='bbox 932 851 1084 910; x_wconf 83' lang='lat' dir='ltr'>invenitur</span> 
     </span>
    </p>

    <p class='ocr_par' dir='ltr' id='par_1_8' title="bbox 68 933 1084 1018">
     <span class='ocr_line' id='line_1_9' title="bbox 68 933 1084 1018; baseline 0.005 -24"><span class='ocrx_word' id='word_1_69' title='bbox 68 955 263 1011; x_wconf 81' lang='lat' dir='ltr'>consequens3</span> <span class='ocrx_word' id='word_1_70' title='bbox 292 937 398 996; x_wconf 89' lang='lat' dir='ltr'>deinde</span> <span class='ocrx_word' id='word_1_71' title='bbox 424 939 457 996; x_wconf 93' lang='lat' dir='ltr'>in</span> <span class='ocrx_word' id='word_1_72' title='bbox 484 938 611 998; x_wconf 87' lang='lat' dir='ltr'>secunda</span> <span class='ocrx_word' id='word_1_73' title='bbox 639 933 810 1015; x_wconf 86' lang='lat' dir='ltr'>&lt;invenitur</span> <span class='ocrx_word' id='word_1_74' title='bbox 833 936 1030 1018; x_wconf 80' lang='lat' dir='ltr'>antecedens&gt;</span> <span class='ocrx_word' id='word_1_75' title='bbox 1053 944 1084 999; x_wconf 90' lang='lat' dir='ltr'>et</span> 
     </span>
    </p>

    <p class='ocr_par' dir='ltr' id='par_1_9' title="bbox 65 1025 1123 1191">
     <span class='ocr_line' id='line_1_10' title="bbox 66 1025 1081 1103; baseline 0.006 -21"><span class='ocrx_word' id='word_1_76' title='bbox 66 1025 100 1082; x_wconf 90' lang='lat' dir='ltr'>in</span> <span class='ocrx_word' id='word_1_77' title='bbox 123 1026 220 1100; x_wconf 86' lang='lat' dir='ltr'>prima</span> <span class='ocrx_word' id='word_1_78' title='bbox 243 1026 394 1085; x_wconf 83' lang='lat' dir='ltr'>invenitur</span> <span class='ocrx_word' id='word_1_79' title='bbox 416 1046 609 1103; x_wconf 88' lang='lat' dir='ltr'>consequens,</span> <span class='ocrx_word' id='word_1_80' title='bbox 634 1047 730 1103; x_wconf 88' lang='lat' dir='ltr'>neque</span> <span class='ocrx_word' id='word_1_81' title='bbox 754 1027 794 1085; x_wconf 90' lang='lat' dir='ltr'>sit</span> <span class='ocrx_word' id='word_1_82' title='bbox 815 1028 903 1086; x_wconf 90' lang='lat' dir='ltr'>unius</span> <span class='ocrx_word' id='word_1_83' title='bbox 925 1029 969 1086; x_wconf 88' lang='lat' dir='ltr'>rei</span> <span class='ocrx_word' id='word_1_84' title='bbox 991 1030 1081 1088; x_wconf 87' lang='lat' dir='ltr'>inter·</span> 
     </span>
     <span class='ocr_line' id='line_1_11' title="bbox 65 1114 1123 1191; baseline 0.005 -20"><span class='ocrx_word' id='word_1_85' title='bbox 65 1114 189 1189; x_wconf 91' lang='lat' dir='ltr'>positio,</span> <span class='ocrx_word' id='word_1_86' title='bbox 213 1115 305 1174; x_wconf 91' lang='lat' dir='ltr'>donec</span> <span class='ocrx_word' id='word_1_87' title='bbox 328 1116 428 1174; x_wconf 89' lang='lat' dir='ltr'>omnia</span> <span class='ocrx_word' id='word_1_88' title='bbox 451 1116 654 1191; x_wconf 79' lang='lat' dir='ltr'>compleantur</span> <span class='ocrx_word' id='word_1_89' title='bbox 676 1116 780 1174; x_wconf 89' lang='lat' dir='ltr'>latera.</span> <span class='ocrx_word' id='word_1_90' title='bbox 1097 1131 1123 1168; x_wconf 80' lang='lat'>1⁰</span> 
     </span>
    </p>

    <p class='ocr_par' dir='ltr' id='par_1_10' title="bbox 158 1201 1083 1278">
     <span class='ocr_line' id='line_1_12' title="bbox 158 1201 1083 1278; baseline 0.004 -17"><span class='ocrx_word' id='word_1_91' title='bbox 158 1201 290 1262; x_wconf 75' lang='lat' dir='ltr'>Altitudo</span> <span class='ocrx_word' id='word_1_92' title='bbox 325 1207 491 1277; x_wconf 71' lang='lat' dir='ltr'>ltpurarum</span> <span class='ocrx_word' id='word_1_93' title='bbox 527 1209 569 1264; x_wconf 88' lang='lat' dir='ltr'>est</span> <span class='ocrx_word' id='word_1_94' title='bbox 597 1207 852 1278; x_wconf 75' lang='lat' dir='ltr'>perpendicularis</span> <span class='ocrx_word' id='word_1_95' title='bbox 882 1207 1029 1278; x_wconf 84' lang='lat' dir='ltr'>preducta</span> <span class='ocrx_word' id='word_1_96' title='bbox 1064 1226 1083 1265; x_wconf 88' lang='lat' dir='ltr'>a</span> 
     </span>
    </p>

    <p class='ocr_par' dir='ltr' id='par_1_11' title="bbox 64 1294 1082 1366">
     <span class='ocr_line' id='line_1_13' title="bbox 64 1294 1082 1366; baseline 0.004 -16"><span class='ocrx_word' id='word_1_97' title='bbox 64 1295 233 1351; x_wconf 81' lang='lat' dir='ltr'>surmrutate</span> <span class='ocrx_word' id='word_1_98' title='bbox 259 1310 350 1366; x_wconf 78' lang='lat' dir='ltr'>usque</span> <span class='ocrx_word' id='word_1_99' title='bbox 375 1295 415 1352; x_wconf 86' lang='lat' dir='ltr'>ad</span> <span class='ocrx_word' id='word_1_100' title='bbox 438 1295 539 1355; x_wconf 86' lang='lat' dir='ltr'>basim</span> <span class='ocrx_word' id='word_1_101' title='bbox 563 1325 605 1334; x_wconf 86' lang='lat'>-</span> <span class='ocrx_word' id='word_1_102' title='bbox 629 1294 726 1352; x_wconf 75' lang='lat' dir='ltr'>Linea</span> <span class='ocrx_word' id='word_1_103' title='bbox 748 1298 826 1353; x_wconf 90' lang='lat' dir='ltr'>recta</span> <span class='ocrx_word' id='word_1_104' title='bbox 849 1297 903 1352; x_wconf 92' lang='lat' dir='ltr'>erit</span> <span class='ocrx_word' id='word_1_105' title='bbox 924 1297 1082 1354; x_wconf 79' lang='lat' dir='ltr'>sermidam</span> 
     </span>
    </p>

    <p class='ocr_par' dir='ltr' id='par_1_12' title="bbox 59 1376 1081 1461">
     <span class='ocr_line' id='line_1_14' title="bbox 59 1376 1081 1461; baseline 0.005 -23"><span class='ocrx_word' id='word_1_106' title='bbox 59 1383 282 1454; x_wconf 73' lang='lat' dir='ltr'>proportionem</span> <span class='ocrx_word' id='word_1_107' title='bbox 313 1376 482 1459; x_wconf 79' lang='lat' dir='ltr'>&lt;tabentem</span> <span class='ocrx_word' id='word_1_108' title='bbox 511 1378 658 1461; x_wconf 83' lang='lat' dir='ltr'>medium&gt;</span> <span class='ocrx_word' id='word_1_109' title='bbox 687 1388 713 1440; x_wconf 88' lang='lat' dir='ltr'>ct</span> <span class='ocrx_word' id='word_1_110' title='bbox 739 1385 796 1441; x_wconf 84' lang='lat' dir='ltr'>duo</span> <span class='ocrx_word' id='word_1_111' title='bbox 824 1387 950 1442; x_wconf 87' lang='lat' dir='ltr'>entrema</span> <span class='ocrx_word' id='word_1_112' title='bbox 977 1385 1081 1460; x_wconf 83' lang='lat' dir='ltr'>diuisa,</span> 
     </span>
    </p>

    <p class='ocr_par' dir='ltr' id='par_1_13' title="bbox 59 1471 1121 1634">
     <span class='ocr_line' id='line_1_15' title="bbox 63 1471 1082 1545; baseline 0.005 -18"><span class='ocrx_word' id='word_1_113' title='bbox 63 1487 133 1528; x_wconf 88' lang='lat' dir='ltr'>cum</span> <span class='ocrx_word' id='word_1_114' title='bbox 156 1471 248 1542; x_wconf 74' lang='lat' dir='ltr'>fuerit</span> <span class='ocrx_word' id='word_1_115' title='bbox 263 1473 415 1545; x_wconf 85' lang='lat' dir='ltr'>proportio</span> <span class='ocrx_word' id='word_1_116' title='bbox 438 1475 524 1532; x_wconf 86' lang='lat' dir='ltr'>totius</span> <span class='ocrx_word' id='word_1_117' title='bbox 547 1473 620 1530; x_wconf 84' lang='lat' dir='ltr'>tinec</span> <span class='ocrx_word' id='word_1_118' title='bbox 643 1473 683 1530; x_wconf 87' lang='lat' dir='ltr'>aot</span> <span class='ocrx_word' id='word_1_119' title='bbox 704 1474 844 1530; x_wconf 87' lang='lat' dir='ltr'>maiorem</span> <span class='ocrx_word' id='word_1_120' title='bbox 866 1475 913 1530; x_wconf 90' lang='lat' dir='ltr'>sui</span> <span class='ocrx_word' id='word_1_121' title='bbox 931 1476 1082 1532; x_wconf 75' lang='lat' dir='ltr'>sectionem</span> 
     </span>
     <span class='ocr_line' id='line_1_16' title="bbox 59 1560 1121 1634; baseline 0.004 -18"><span class='ocrx_word' id='word_1_122' title='bbox 59 1560 143 1617; x_wconf 70' lang='lat' dir='ltr'>ment</span> <span class='ocrx_word' id='word_1_123' title='bbox 169 1562 320 1632; x_wconf 77' lang='lat' dir='ltr'>propertio</span> <span class='ocrx_word' id='word_1_124' title='bbox 347 1563 469 1620; x_wconf 87' lang='lat' dir='ltr'>maioris</span> <span class='ocrx_word' id='word_1_125' title='bbox 496 1563 628 1620; x_wconf 80' lang='lat' dir='ltr'>sectionis</span> <span class='ocrx_word' id='word_1_126' title='bbox 656 1563 718 1618; x_wconf 88' lang='lat' dir='ltr'>eius</span> <span class='ocrx_word' id='word_1_127' title='bbox 746 1562 785 1619; x_wconf 86' lang='lat' dir='ltr'>ad</span> <span class='ocrx_word' id='word_1_128' title='bbox 812 1562 906 1634; x_wconf 86' lang='lat' dir='ltr'>ipsius</span> <span class='ocrx_word' id='word_1_129' title='bbox 932 1564 1080 1620; x_wconf 89' lang='lat' dir='ltr'>minorem</span> <span class='ocrx_word' id='word_1_130' title='bbox 1096 1570 1121 1612; x_wconf 80' lang='lat'>1⁵</span> 
     </span>
    </p>

    <p class='ocr_par' dir='ltr' id='par_1_14' title="bbox 656 1649 1081 1725">
     <span class='ocr_line' id='line_1_17' title="bbox 656 1649 1081 1725; baseline 0.005 -19"><span class='ocrx_word' id='word_1_131' title='bbox 656 1649 723 1707; x_wconf 91' lang='lat' dir='ltr'>Duo</span> <span class='ocrx_word' id='word_1_132' title='bbox 757 1649 916 1724; x_wconf 89' lang='lat' dir='ltr'>elementa,</span> <span class='ocrx_word' id='word_1_133' title='bbox 948 1670 1005 1725; x_wconf 89' lang='lat' dir='ltr'>que</span> <span class='ocrx_word' id='word_1_134' title='bbox 1038 1669 1081 1709; x_wconf 91' lang='lat' dir='ltr'>se—</span> 
     </span>
    </p>

    <p class='ocr_par' dir='ltr' id='par_1_15' title="bbox 492 1723 1082 1813">
     <span class='ocr_line' id='line_1_18' title="bbox 492 1723 1082 1813; baseline 0.005 -18"><span class='ocrx_word' id='word_1_135' title='bbox 492 1723 510 1760; x_wconf 68' lang='lat'>²</span> <span class='ocrx_word' id='word_1_136' title='bbox 586 1740 728 1813; x_wconf 89' lang='lat' dir='ltr'>quantur,</span> <span class='ocrx_word' id='word_1_137' title='bbox 752 1738 822 1812; x_wconf 89' lang='lat' dir='ltr'>quia</span> <span class='ocrx_word' id='word_1_138' title='bbox 840 1738 914 1796; x_wconf 86' lang='lat' dir='ltr'>bene</span> <span class='ocrx_word' id='word_1_139' title='bbox 933 1740 1082 1798; x_wconf 88' lang='lat' dir='ltr'>translata</span> 
     </span>
    </p>

    <p class='ocr_par' dir='ltr' id='par_1_16' title="bbox 585 1821 1079 1906">
     <span class='ocr_line' id='line_1_19' title="bbox 585 1821 1079 1906; baseline 0.004 -21"><span class='ocrx_word' id='word_1_140' title='bbox 585 1831 655 1885; x_wconf 89' lang='lat' dir='ltr'>sunt</span> <span class='ocrx_word' id='word_1_141' title='bbox 666 1826 697 1884; x_wconf 93' lang='lat' dir='ltr'>in</span> <span class='ocrx_word' id='word_1_142' title='bbox 707 1826 858 1903; x_wconf 81' lang='lat' dir='ltr'>Eucnrnn,</span> <span class='ocrx_word' id='word_1_143' title='bbox 872 1829 1048 1902; x_wconf 86' lang='lat' dir='ltr'>pretermisi.</span> <span class='ocrx_word' id='word_1_144' title='bbox 1056 1821 1079 1906; x_wconf 90' lang='grc'>1)</span> 
     </span>
    </p>

    <p class='ocr_par' dir='ltr' id='par_1_17' title="bbox 511 1915 1121 2080">
     <span class='ocr_line' id='line_1_20' title="bbox 661 1915 1081 1992; baseline 0.01 -20"><span class='ocrx_word' id='word_1_145' title='bbox 661 1915 803 1992; x_wconf 82' lang='lat' dir='ltr'>Figura</span> <span class='ocrx_word' id='word_1_146' title='bbox 841 1920 979 1991; x_wconf 88' lang='lat' dir='ltr'>quarte</span> <span class='ocrx_word' id='word_1_147' title='bbox 1016 1919 1081 1976; x_wconf 91' lang='lat' dir='ltr'>ad-</span> 
     </span>
     <span class='ocr_line' id='line_1_21' title="bbox 511 1970 1121 2080; baseline 0 -20"><span class='ocrx_word' id='word_1_148' title='bbox 511 1970 533 2006; x_wconf 53' lang='lat' dir='ltr'><em>a</em></span> <span class='ocrx_word' id='word_1_149' title='bbox 587 1997 715 2080; x_wconf 64' lang='lat' dir='ltr'>citior)</span> <span class='ocrx_word' id='word_1_150' title='bbox 1095 2016 1121 2060; x_wconf 78' lang='lat' dir='ltr'>a</span> 
     </span>
    </p>

    <p class='ocr_par' dir='ltr' id='par_1_18' title="bbox 658 2092 1080 2167">
     <span class='ocr_line' id='line_1_22' title="bbox 658 2092 1080 2167; baseline 0.009 -17"><span class='ocrx_word' id='word_1_151' title='bbox 658 2093 713 2151; x_wconf 82' lang='lat' dir='ltr'>Est</span> <span class='ocrx_word' id='word_1_152' title='bbox 744 2092 898 2167; x_wconf 89' lang='lat' dir='ltr'>possibile,</span> <span class='ocrx_word' id='word_1_153' title='bbox 930 2098 964 2153; x_wconf 95' lang='lat' dir='ltr'>ut</span> <span class='ocrx_word' id='word_1_154' title='bbox 990 2095 1080 2154; x_wconf 90' lang='lat' dir='ltr'>huius</span> 
     </span>
    </p>

    <p class='ocr_par' dir='ltr' id='par_1_19' title="bbox 584 2181 1081 2257">
     <span class='ocr_line' id='line_1_23' title="bbox 584 2181 1081 2257; baseline 0.012 -20"><span class='ocrx_word' id='word_1_155' title='bbox 584 2181 677 2257; x_wconf 83' lang='lat' dir='ltr'>figure</span> <span class='ocrx_word' id='word_1_156' title='bbox 714 2181 872 2255; x_wconf 89' lang='lat' dir='ltr'>descriptio</span> <span class='ocrx_word' id='word_1_157' title='bbox 908 2182 975 2257; x_wconf 91' lang='lat' dir='ltr'>fiat,</span> <span class='ocrx_word' id='word_1_158' title='bbox 1015 2203 1081 2243; x_wconf 92' lang='lat' dir='ltr'>cum</span> 
     </span>
    </p>

    <p class='ocr_par' dir='ltr' id='par_1_20' title="bbox 585 2271 1080 2347">
     <span class='ocr_line' id='line_1_24' title="bbox 585 2271 1080 2347; baseline 0.006 -20"><span class='ocrx_word' id='word_1_159' title='bbox 585 2271 714 2347; x_wconf 81' lang='lat' dir='ltr'>angulus</span> <span class='ocrx_word' id='word_1_160' title='bbox 741 2273 839 2327; x_wconf 89' lang='lat' dir='ltr'>rectus</span> <span class='ocrx_word' id='word_1_161' title='bbox 862 2271 955 2329; x_wconf 80' lang='lat' dir='ltr'>fucrit</span> <span class='ocrx_word' id='word_1_162' title='bbox 982 2273 1014 2329; x_wconf 91' lang='lat' dir='ltr'>in</span> <span class='ocrx_word' id='word_1_163' title='bbox 1037 2291 1080 2347; x_wconf 91' lang='lat' dir='ltr'>ea,</span> 
     </span>
    </p>

    <p class='ocr_par' dir='ltr' id='par_1_21' title="bbox 583 2359 1121 2525">
     <span class='ocr_line' id='line_1_25' title="bbox 585 2359 1080 2419; baseline 0.006 -3"><span class='ocrx_word' id='word_1_164' title='bbox 585 2359 744 2416; x_wconf 87' lang='lat' dir='ltr'>secundam</span> <span class='ocrx_word' id='word_1_165' title='bbox 757 2359 835 2416; x_wconf 92' lang='lat' dir='ltr'>hunc</span> <span class='ocrx_word' id='word_1_166' title='bbox 848 2360 978 2418; x_wconf 92' lang='lat' dir='ltr'>modum.</span> <span class='ocrx_word' id='word_1_167' title='bbox 1009 2361 1080 2419; x_wconf 89' lang='lat' dir='ltr'>Pro-</span> 
     </span>
     <span class='ocr_line' id='line_1_26' title="bbox 583 2447 1121 2525; baseline 0.006 -20"><span class='ocrx_word' id='word_1_168' title='bbox 583 2449 702 2505; x_wconf 86' lang='lat' dir='ltr'>traham</span> <span class='ocrx_word' id='word_1_169' title='bbox 732 2447 835 2522; x_wconf 88' lang='lat' dir='ltr'>itaque</span> <span class='ocrx_word' id='word_1_170' title='bbox 859 2465 895 2521; x_wconf 78' lang='lat' dir='ltr'>ep</span> <span class='ocrx_word' id='word_1_171' title='bbox 926 2468 1019 2525; x_wconf 91' lang='lat' dir='ltr'>usque</span> <span class='ocrx_word' id='word_1_172' title='bbox 1043 2450 1081 2507; x_wconf 90' lang='lat' dir='ltr'>ad</span> <span class='ocrx_word' id='word_1_173' title='bbox 1095 2457 1121 2498; x_wconf 76' lang='lat'>25</span> 
     </span>
    </p>

    <p class='ocr_par' dir='ltr' id='par_1_22' title="bbox 584 2536 1081 2614">
     <span class='ocr_line' id='line_1_27' title="bbox 584 2536 1081 2614; baseline 0.008 -20"><span class='ocrx_word' id='word_1_174' title='bbox 584 2537 600 2594; x_wconf 83' lang='lat' dir='ltr'><strong><em>b</em></strong></span> <span class='ocrx_word' id='word_1_175' title='bbox 636 2537 674 2593; x_wconf 88' lang='lat' dir='ltr'>ad</span> <span class='ocrx_word' id='word_1_176' title='bbox 709 2536 929 2612; x_wconf 87' lang='lat' dir='ltr'>rectitudinem,</span> <span class='ocrx_word' id='word_1_177' title='bbox 964 2542 994 2597; x_wconf 91' lang='lat' dir='ltr'>et</span> <span class='ocrx_word' id='word_1_178' title='bbox 1029 2559 1081 2614; x_wconf 92' lang='lat' dir='ltr'>po-</span> 
     </span>
    </p>

    <p class='ocr_par' dir='ltr' id='par_1_23' title="bbox 502 2609 1081 2701">
     <span class='ocr_line' id='line_1_28' title="bbox 502 2609 1081 2701; baseline 0.005 -20"><span class='ocrx_word' id='word_1_179' title='bbox 502 2609 530 2660; x_wconf 59' lang='lat' dir='ltr'>‘h</span> <span class='ocrx_word' id='word_1_180' title='bbox 582 2644 668 2700; x_wconf 89' lang='lat' dir='ltr'>nam,</span> <span class='ocrx_word' id='word_1_181' title='bbox 695 2628 729 2682; x_wconf 94' lang='lat' dir='ltr'>ut</span> <span class='ocrx_word' id='word_1_182' title='bbox 755 2627 797 2699; x_wconf 81' lang='lat' dir='ltr'>pb</span> <span class='ocrx_word' id='word_1_183' title='bbox 825 2625 864 2684; x_wconf 88' lang='lat' dir='ltr'>sit</span> <span class='ocrx_word' id='word_1_184' title='bbox 892 2628 1007 2701; x_wconf 85' lang='lat' dir='ltr'>equalis</span> <span class='ocrx_word' id='word_1_185' title='bbox 1028 2628 1081 2686; x_wconf 92' lang='lat' dir='ltr'>uni</span> 
     </span>
    </p>

    <p class='ocr_par' dir='ltr' id='par_1_24' title="bbox 620 2714 1048 2792">
     <span class='ocr_line' id='line_1_29' title="bbox 620 2714 1048 2792; baseline 0.007 -21"><span class='ocrx_word' id='word_1_186' title='bbox 620 2714 750 2771; x_wconf 86' lang='lat' dir='ltr'>laterum</span> <span class='ocrx_word' id='word_1_187' title='bbox 780 2715 937 2792; x_wconf 81' lang='lat' dir='ltr'>trianguli,</span> <span class='ocrx_word' id='word_1_188' title='bbox 969 2718 1048 2792; x_wconf 95' lang='lat' dir='ltr'>quod</span> 
     </span>
    </p>

    <p class='ocr_par' dir='ltr' id='par_1_25' title="bbox 51 2799 1081 2879">
     <span class='ocr_line' id='line_1_30' title="bbox 51 2799 1081 2879; baseline 0.002 -18"><span class='ocrx_word' id='word_1_189' title='bbox 51 2799 209 2874; x_wconf 76' lang='lat' dir='ltr'>refertsi,</span> <span class='ocrx_word' id='word_1_190' title='bbox 232 2801 345 2859; x_wconf 91' lang='lat' dir='ltr'>scilicet</span> <span class='ocrx_word' id='word_1_191' title='bbox 359 2803 410 2876; x_wconf 81' lang='lat' dir='ltr'>pb,</span> <span class='ocrx_word' id='word_1_192' title='bbox 434 2804 464 2860; x_wconf 92' lang='lat' dir='ltr'>et</span> <span class='ocrx_word' id='word_1_193' title='bbox 483 2802 522 2860; x_wconf 91' lang='lat' dir='ltr'>sit</span> <span class='ocrx_word' id='word_1_194' title='bbox 540 2804 668 2879; x_wconf 84' lang='lat' dir='ltr'>angulus</span> <span class='ocrx_word' id='word_1_195' title='bbox 687 2804 748 2876; x_wconf 82' lang='lat' dir='ltr'>epol</span> <span class='ocrx_word' id='word_1_196' title='bbox 765 2807 872 2876; x_wconf 88' lang='lat' dir='ltr'>rectus,</span> <span class='ocrx_word' id='word_1_197' title='bbox 897 2807 926 2862; x_wconf 90' lang='lat' dir='ltr'>ct</span> <span class='ocrx_word' id='word_1_198' title='bbox 945 2806 1081 2863; x_wconf 89' lang='lat' dir='ltr'>similiter</span> 
     </span>
    </p>

    <p class='ocr_par' dir='ltr' id='par_1_26' title="bbox 56 2888 1120 2971">
     <span class='ocr_line' id='line_1_31' title="bbox 56 2888 1120 2971; baseline 0.001 -21"><span class='ocrx_word' id='word_1_199' title='bbox 56 2888 199 2966; x_wconf 85' lang='lat' dir='ltr'>angulus</span> <span class='ocrx_word' id='word_1_200' title='bbox 223 2891 290 2963; x_wconf 78' lang='lat' dir='ltr'>pba</span> <span class='ocrx_word' id='word_1_201' title='bbox 317 2894 422 2949; x_wconf 90' lang='lat' dir='ltr'>rectus.</span> <span class='ocrx_word' id='word_1_202' title='bbox 469 2891 510 2948; x_wconf 82' lang='lat' dir='ltr'>Et</span> <span class='ocrx_word' id='word_1_203' title='bbox 538 2892 609 2966; x_wconf 89' lang='lat' dir='ltr'>quia</span> <span class='ocrx_word' id='word_1_204' title='bbox 636 2891 803 2950; x_wconf 90' lang='lat' dir='ltr'>coniunctio</span> <span class='ocrx_word' id='word_1_205' title='bbox 832 2893 958 2951; x_wconf 91' lang='lat' dir='ltr'>duorum</span> <span class='ocrx_word' id='word_1_206' title='bbox 987 2914 1079 2971; x_wconf 87' lang='lat' dir='ltr'>angu-</span> <span class='ocrx_word' id='word_1_207' title='bbox 1094 2904 1120 2942; x_wconf 74' lang='lat'>⁸⁰</span> 
     </span>
    </p>
   </div>
   <div class='ocr_carea' id='block_1_3' title="bbox 138 3021 1078 3094">
    <p class='ocr_par' dir='ltr' id='par_1_27' title="bbox 138 3021 1078 3094">
     <span class='ocr_line' id='line_1_32' title="bbox 138 3021 1078 3094; baseline 0.006 -18"><span class='ocrx_word' id='word_1_208' title='bbox 138 3028 162 3077; x_wconf 81' lang='lat'>4.</span> <span class='ocrx_word' id='word_1_209' title='bbox 178 3021 333 3078; x_wconf 88' lang='lat' dir='ltr'>inveniunt.</span> <span class='ocrx_word' id='word_1_210' title='bbox 346 3055 377 3063; x_wconf 93' lang='lat'><em>—</em></span> <span class='ocrx_word' id='word_1_211' title='bbox 390 3029 431 3078; x_wconf 83' lang='lat'>12.</span> <span class='ocrx_word' id='word_1_212' title='bbox 442 3026 532 3079; x_wconf 89' lang='lat' dir='ltr'>erunt.</span> <span class='ocrx_word' id='word_1_213' title='bbox 543 3056 576 3064; x_wconf 94' lang='lat'><em>-</em></span> <span class='ocrx_word' id='word_1_214' title='bbox 587 3030 699 3078; x_wconf 79' lang='lat'>21-22.</span> <span class='ocrx_word' id='word_1_215' title='bbox 712 3024 763 3079; x_wconf 88' lang='lat' dir='ltr'>hec</span> <span class='ocrx_word' id='word_1_216' title='bbox 773 3025 868 3094; x_wconf 87' lang='lat' dir='ltr'>figure.</span> <span class='ocrx_word' id='word_1_217' title='bbox 879 3058 914 3066; x_wconf 92' lang='lat'><strong>—</strong></span> <span class='ocrx_word' id='word_1_218' title='bbox 924 3032 965 3081; x_wconf 83' lang='lat'>29.</span> <span class='ocrx_word' id='word_1_219' title='bbox 978 3027 1078 3082; x_wconf 85' lang='lat' dir='ltr'>reffert.</span> 
     </span>
    </p>
   </div>
   <div class='ocr_carea' id='block_1_4' title="bbox 62 3117 182 3126">
    <p class='ocr_par' dir='ltr' id='par_1_28' title="bbox 62 3117 182 3126">
     <span class='ocr_line' id='line_1_33' title="bbox 62 3117 182 3126; baseline 0 0"><span class='ocrx_word' id='word_1_220' title='bbox 62 3117 182 3126; x_wconf 67' lang='lat' dir='ltr'><em>-a——-</em></span> 
     </span>
    </p>
   </div>
   <div class='ocr_carea' id='block_1_5' title="bbox 61 3164 1087 3669">
    <p class='ocr_par' dir='ltr' id='par_1_29' title="bbox 61 3164 1080 3307">
     <span class='ocr_line' id='line_1_34' title="bbox 135 3164 1080 3239; baseline 0.005 -21"><span class='ocrx_word' id='word_1_221' title='bbox 135 3167 161 3234; x_wconf 89' lang='lat'>1)</span> <span class='ocrx_word' id='word_1_222' title='bbox 172 3165 286 3220; x_wconf 85' lang='lat' dir='ltr'>Praeter</span> <span class='ocrx_word' id='word_1_223' title='bbox 295 3164 424 3233; x_wconf 88' lang='lat' dir='ltr'>quintam</span> <span class='ocrx_word' id='word_1_224' title='bbox 433 3164 521 3235; x_wconf 86' lang='lat' dir='ltr'>igitur</span> <span class='ocrx_word' id='word_1_225' title='bbox 530 3165 721 3220; x_wconf 88' lang='lat' dir='ltr'>definitionem</span> <span class='ocrx_word' id='word_1_226' title='bbox 732 3165 863 3221; x_wconf 89' lang='lat' dir='ltr'>editionis</span> <span class='ocrx_word' id='word_1_227' title='bbox 874 3167 1080 3239; x_wconf 83' lang='lat' dir='ltr'>Heibcrgianae</span> 
     </span>
     <span class='ocr_line' id='line_1_35' title="bbox 61 3236 819 3307; baseline 0.005 -18"><span class='ocrx_word' id='word_1_228' title='bbox 61 3236 218 3290; x_wconf 76' lang='lat' dir='ltr'>Aamrras</span> <span class='ocrx_word' id='word_1_229' title='bbox 238 3236 351 3306; x_wconf 85' lang='lat' dir='ltr'>insuper</span> <span class='ocrx_word' id='word_1_230' title='bbox 369 3254 455 3290; x_wconf 90' lang='lat' dir='ltr'>unam</span> <span class='ocrx_word' id='word_1_231' title='bbox 474 3237 560 3291; x_wconf 90' lang='lat' dir='ltr'>talem</span> <span class='ocrx_word' id='word_1_232' title='bbox 579 3237 681 3307; x_wconf 85' lang='lat' dir='ltr'>legisse</span> <span class='ocrx_word' id='word_1_233' title='bbox 700 3237 819 3293; x_wconf 86' lang='lat' dir='ltr'>videtur.</span> 
     </span>
    </p>

    <p class='ocr_par' dir='ltr' id='par_1_30' title="bbox 61 3307 1087 3588">
     <span class='ocr_line' id='line_1_36' title="bbox 139 3307 1080 3379; baseline 0.005 -20"><span class='ocrx_word' id='word_1_234' title='bbox 139 3310 166 3375; x_wconf 81' lang='lat'>2)</span> <span class='ocrx_word' id='word_1_235' title='bbox 184 3307 321 3360; x_wconf 80' lang='lat' dir='ltr'>Eacnmns</span> <span class='ocrx_word' id='word_1_236' title='bbox 336 3308 381 3376; x_wconf 90' lang='lat' dir='ltr'>VI,</span> <span class='ocrx_word' id='word_1_237' title='bbox 396 3314 425 3363; x_wconf 83' lang='lat'>4:</span> <span class='ocrx_word' id='word_1_238' title='bbox 458 3309 585 3363; x_wconf 86' lang='lat' dir='ltr'>Omnium</span> <span class='ocrx_word' id='word_1_239' title='bbox 603 3312 719 3363; x_wconf 84' lang='lat' dir='ltr'>duorum</span> <span class='ocrx_word' id='word_1_240' title='bbox 737 3311 947 3379; x_wconf 79' lang='lat' dir='ltr'>trr&#39;onpulorum,</span> <span class='ocrx_word' id='word_1_241' title='bbox 966 3329 1080 3379; x_wconf 80' lang='lat' dir='ltr'>quornm</span> 
     </span>
     <span class='ocr_line' id='line_1_37' title="bbox 61 3379 1080 3451; baseline 0.005 -20"><span class='ocrx_word' id='word_1_242' title='bbox 61 3379 167 3448; x_wconf 74' lang='lat' dir='ltr'>anpuli</span> <span class='ocrx_word' id='word_1_243' title='bbox 184 3381 269 3434; x_wconf 81' lang='lat' dir='ltr'>nnius</span> <span class='ocrx_word' id='word_1_244' title='bbox 286 3381 397 3449; x_wconf 78' lang='lat' dir='ltr'>anpulis</span> <span class='ocrx_word' id='word_1_245' title='bbox 416 3381 530 3434; x_wconf 88' lang='lat' dir='ltr'>alterius</span> <span class='ocrx_word' id='word_1_246' title='bbox 546 3387 611 3434; x_wconf 87' lang='lat' dir='ltr'>sunt</span> <span class='ocrx_word' id='word_1_247' title='bbox 629 3382 744 3449; x_wconf 76' lang='lat' dir='ltr'>equales,</span> <span class='ocrx_word' id='word_1_248' title='bbox 762 3382 849 3435; x_wconf 85' lang='lat' dir='ltr'>latera</span> <span class='ocrx_word' id='word_1_249' title='bbox 867 3399 947 3450; x_wconf 79' lang='lat' dir='ltr'>equos</span> <span class='ocrx_word' id='word_1_250' title='bbox 965 3384 1080 3451; x_wconf 80' lang='lat' dir='ltr'>capulos</span> 
     </span>
     <span class='ocr_line' id='line_1_38' title="bbox 61 3450 1087 3521; baseline -0.002 -18"><span class='ocrx_word' id='word_1_251' title='bbox 61 3450 241 3518; x_wconf 80' lang='lat' dir='ltr'>respicientia</span> <span class='ocrx_word' id='word_1_252' title='bbox 268 3456 334 3505; x_wconf 89' lang='lat' dir='ltr'>sunt</span> <span class='ocrx_word' id='word_1_253' title='bbox 357 3452 586 3519; x_wconf 81' lang='lat' dir='ltr'>proportionalia.</span> <span class='ocrx_word' id='word_1_254' title='bbox 610 3482 645 3490; x_wconf 95' lang='lat'>—</span> <span class='ocrx_word' id='word_1_255' title='bbox 667 3450 784 3505; x_wconf 84' lang='lat' dir='ltr'>Additio</span> <span class='ocrx_word' id='word_1_256' title='bbox 812 3451 899 3521; x_wconf 87' lang='lat' dir='ltr'>plane</span> <span class='ocrx_word' id='word_1_257' title='bbox 923 3452 1029 3505; x_wconf 66' lang='lat' dir='ltr'>debilis</span> <span class='ocrx_word' id='word_1_258' title='bbox 1054 3455 1087 3502; x_wconf 73' lang='lat' dir='ltr'>at</span> 
     </span>
     <span class='ocr_line' id='line_1_39' title="bbox 64 3520 780 3588; baseline 0.011 -16"><span class='ocrx_word' id='word_1_259' title='bbox 64 3535 159 3588; x_wconf 87' lang='lat' dir='ltr'>paene</span> <span class='ocrx_word' id='word_1_260' title='bbox 178 3520 274 3574; x_wconf 85' lang='lat' dir='ltr'>eadem</span> <span class='ocrx_word' id='word_1_261' title='bbox 293 3522 338 3574; x_wconf 83' lang='lat' dir='ltr'>cst</span> <span class='ocrx_word' id='word_1_262' title='bbox 355 3537 389 3575; x_wconf 87' lang='lat' dir='ltr'>ac</span> <span class='ocrx_word' id='word_1_263' title='bbox 408 3521 615 3580; x_wconf 87' lang='lat' dir='ltr'>demonstratio</span> <span class='ocrx_word' id='word_1_264' title='bbox 633 3522 780 3580; x_wconf 80' lang='lat' dir='ltr'>Eucmms.</span> 
     </span>
    </p>

    <p class='ocr_par' dir='ltr' id='par_1_31' title="bbox 111 3615 960 3669">
     <span class='ocr_line' id='line_1_40' title="bbox 111 3615 960 3669; baseline 0.02 -16"><span class='ocrx_word' id='word_1_265' title='bbox 111 3615 195 3654; x_wconf 79' lang='lat' dir='ltr'>Oomm.</span> <span class='ocrx_word' id='word_1_266' title='bbox 210 3617 242 3655; x_wconf 82' lang='lat' dir='ltr'>ad</span> <span class='ocrx_word' id='word_1_267' title='bbox 253 3618 345 3659; x_wconf 79' lang='lat' dir='ltr'>Euclid.</span> <span class='ocrx_word' id='word_1_268' title='bbox 362 3621 398 3661; x_wconf 87' lang='lat' dir='ltr'>ed.</span> <span class='ocrx_word' id='word_1_269' title='bbox 414 3621 432 3662; x_wconf 83' lang='lat'><em>0</em></span> <span class='ocrx_word' id='word_1_270' title='bbox 439 3628 534 3669; x_wconf 83' lang='lat' dir='ltr'>artae.</span> <span class='ocrx_word' id='word_1_271' title='bbox 920 3617 960 3663; x_wconf 66' lang='grc' dir='ltr'>Ϋῐι</span> 
     </span>
    </p>
   </div>
   <div class='ocr_carea' id='block_1_6' title="bbox 0 0 1174 3834">
    <p class='ocr_par' dir='ltr' id='par_1_32' title="bbox 0 0 1174 3834">
     <span class='ocr_line' id='line_1_41' title="bbox 0 0 1174 3834; baseline 0 2"><span class='ocrx_word' id='word_1_272' title='bbox 0 0 1174 3834; x_wconf 95' lang='lat' dir='ltr'> </span> 
     </span>
    </p>
   </div>
  </div>
 </body>
</html>
