2340 3834
386 181 435 235 AD
454 180 639 237 EUOLIDEM
657 181 724 236 LIB.
739 180 773 234 Χ.
1018 180 1082 244 299

79 352 117 408 est
139 349 244 426 equale
266 349 414 426 quadrato
438 352 490 424 bo:
514 369 583 428 ergo
608 349 790 425 quadratum
813 368 832 408 c
853 351 883 408 et
901 347 1082 424 quadratum

80 437 108 497 tc
130 439 218 496 simul
236 441 308 498 sunt
326 439 446 514 aqualia
465 439 612 515 quadrato
633 440 680 512 tq.
716 439 797 516 Ergo
817 439 857 512 tq
874 439 974 513 potest
992 457 1082 512 supra

79 527 274 587 csecundum
298 530 493 606 augmentum
516 528 658 604 quadrati
681 529 730 603 bc,
754 526 835 602 quod
859 530 904 585 est
928 527 977 584 36.
1024 525 1083 584 Sed

10 612 15 665 l
77 616 113 675 td
138 616 339 676 communicat
365 618 408 692 dg
434 617 466 674 in
493 616 691 693 longitudine,
720 636 791 693 crgo
819 617 859 689 bc
884 615 1082 675 communicat

10 672 18 767 l
72 706 112 778 qd
132 705 165 764 in
185 705 382 783 longitudine.
420 704 479 764 Sed
499 706 544 780 qd
564 705 764 765 communicat
779 723 831 778 gc:
855 723 925 781 ergo
945 706 985 778 tq
1003 722 1080 762 com·
1108 715 1121 755 5

71 794 201 853 manicat
230 811 270 868 gc
301 794 333 851 in
359 793 554 871 longitudine.
605 793 680 852 (ium
707 812 776 871 ergo
804 793 1080 869 permutaverimuS,

71 882 126 941 erit
153 884 193 957 by
219 883 440 943 communicans
469 885 507 942 bc
532 882 565 941 in
591 882 786 960 longitudine.
837 881 896 940 Sed
919 884 958 956 tq
980 884 1081 957 potest

68 989 160 1047 supra
181 990 201 1030 c
224 971 387 1032 secundum
410 975 604 1050 augmentum
622 970 763 1047 quadrati
781 972 831 1029 bc:
855 990 925 1047 ergo
944 971 1080 1046 potentia

66 1061 107 1135 by
129 1078 220 1136 supra
243 1079 263 1120 a
286 1063 332 1119 eat
353 1061 515 1120 secundum
534 1063 728 1137 augmentum
746 1060 887 1136 quadrati
904 1060 982 1117 linae
1002 1079 1079 1118 com-

63 1149 247 1208 municantis
270 1151 310 1224 by
332 1149 364 1207 in
386 1149 582 1226 longitudine.
1093 1161 1120 1198 1⁰

157 1237 224 1296 Sint
251 1237 356 1313 etiam,
385 1258 441 1315 quo
467 1237 661 1313 prodiximuS,
688 1237 850 1296 secundum
877 1237 956 1312 quod
978 1237 1078 1312 posui-

61 1344 140 1400 mus,
165 1329 195 1384 et
217 1327 257 1385 sit
280 1329 320 1400 by
342 1328 448 1402 potens
467 1345 558 1402 supra
576 1345 596 1385 a
614 1327 774 1384 secundum
794 1328 988 1403 augmentum
1007 1345 1078 1401 qua·

60 1415 146 1474 drati
173 1415 251 1474 linea
275 1415 521 1475 communicantis
545 1418 585 1490 tq
607 1415 639 1472 in
661 1415 861 1493 longitudine:
888 1414 953 1473 dico
977 1415 1078 1491 igitur,

10 1996 18 2021 ¹·
59 1983 145 2060 quod
174 1985 215 2042 bol
242 1984 441 2043 communicat
465 1985 511 2058 gd
533 1984 565 2041 in
587 1983 786 2061 longitudine,
814 1984 957 2058 quoniam
980 1983 1077 2059 dispo-

10 2088 12 2149 ,
60 2073 174 2132 sitione
191 2077 331 2131 manente
349 2092 411 2131 una
429 2075 460 2131 et
478 2072 615 2130 similiter
633 2072 807 2146 ostenditur,
831 2072 912 2148 quod
926 2074 965 2145 by
979 2074 1078 2147 potest
1092 2080 1117 2121 15

10 2160 12 2177 '
57 2180 155 2238 supra
183 2179 203 2219 a
229 2161 394 2220 secundum
422 2163 616 2239 augmentum
639 2161 778 2236 quadrati
802 2162 850 2236 bc,
880 2163 910 2219 et
936 2161 1016 2235 quod
1035 2161 1077 2234 qb

57 2249 263 2312 communicat
286 2251 323 2308 bc
346 2252 378 2308 ct
400 2252 445 2308 est
468 2249 586 2308 diversa
605 2250 641 2309 ab
661 2269 708 2308 ea:
732 2268 802 2326 ergo
822 2251 861 2323 bg
880 2249 1077 2308 communicat

54 2357 105 2415 gc.
145 2337 206 2397 Sed
220 2356 261 2412 gc
279 2337 479 2398 communicat
494 2340 539 2412 gol
557 2338 588 2396 in
606 2338 807 2414 longitudine:
831 2357 901 2414 ergo
921 2339 960 2412 bg
977 2332 1076 2415 <com-

54 2421 217 2505 municat>
240 2429 286 2502 gol
313 2428 345 2485 in
372 2427 568 2504 longitudine.
620 2425 677 2484 Sed
706 2446 773 2485 cum
796 2426 996 2501 diviserimus,
1020 2425 1076 2484 erit

55 2519 100 2578 td
129 2516 353 2576 communicans
378 2517 424 2590 gd
450 2517 482 2573 in
509 2515 709 2592 longitudine,
743 2518 774 2574 et
800 2515 877 2573 illud
905 2518 962 2590 est,
995 2513 1076 2591 quod
1090 2527 1116 2566 20

53 2607 263 2666 demonstrare
286 2605 446 2664 voluimus.

149 2692 278 2762 Quinti
301 2693 431 2752 decimi
455 2684 697 2773 exempluml)

347 2828 362 2881 b
594 2780 1075 2947 tentasritlisrilciseriirfflledngiqtudirie

595 2958 790 3017 rationalibus
832 2960 885 3033 ba,
918 2977 974 3032 cy,
1017 2978 1074 3033 que
1089 2970 1115 3010 25

597 3047 636 3106 sit
650 3049 684 3104 4:
703 3047 768 3106 dico
783 3067 862 3123 crgo,
879 3047 960 3122 quod
974 3065 1074 3122 super·

595 3136 676 3194 ficies
691 3138 730 3209 bg
749 3139 794 3193 est
811 3135 976 3212 rationalia,
995 3136 1075 3210 quod

198 3268 216 3315 4
597 3225 639 3284 sic
661 3224 812 3300 probatur.
844 3223 965 3282 Faciam
983 3243 1074 3298 supra

50 3363 69 3417 ⁹
342 3360 360 3397 a
533 3343 552 3395 d
665 3413 688 3477 1)
708 3409 940 3474 Eucn1nnsX,15
960 3408 1073 3474 (Caunu-

49 3506 102 3542 m
111 3485 202 3553 idem,
214 3485 384 3540 Hmnnorus
398 3483 430 3552 X,
442 3486 499 3554 19):
527 3483 622 3539 Omnis
639 3481 797 3553 superficies
811 3480 990 3549 rectoriam,
1006 3493 1096 3541 quum

51 3547 1117 3626 mammaeamlonffzcudtmrartoaozes,rartoocttsessemoumm.
