2340 3834
57 161 124 225 294
342 161 507 215 ANARITII
526 159 785 216 COMMENTARII

144 329 190 388 Sit
217 329 309 387 etiam
337 331 379 388 ab
403 330 475 388 duo:
503 329 569 389 dico
592 329 699 406 igitur,
728 329 808 406 quod
831 349 867 387 ex
887 329 1165 404 multiplica—,2-

53 420 135 478 tione
157 417 325 476 medietatis
349 419 381 476 in
398 418 598 493 medietatem,
622 420 652 476 et
671 438 707 476 ex
724 417 976 494 multiplicatione
995 417 1164 499 eiras,

57 506 138 583 quod
160 506 307 582 provenit,
329 507 361 564 in
383 510 504 566 centum
527 507 680 584 octoginta
702 508 737 566 fit
760 507 962 584 quadraginta
981 506 1163 582 quinni-

54 615 119 671 que.
169 595 236 653 Erit
263 615 334 673 ergo
366 615 408 670 ap
438 596 471 654 in
500 595 627 655 secundo
655 615 705 654 ex-
793 657 800 676 ⁸

27 685 151 761 ⁵emplo
179 685 263 742 radix
286 685 488 762 quadraginta
510 685 649 760 quinque,
674 688 705 743 et
740 676 754 713 e
861 676 880 728 9

50 791 91 847 ye
126 773 183 832 erit
218 773 304 831 radix
338 793 456 850 novem,
494 774 634 849 quoniam
666 792 703 831 ex

52 862 302 937 multiplicatione
320 862 429 921 binarii
451 863 483 919 in
501 862 652 920 binarium
671 864 701 920 et

53 971 87 1008 ex
115 951 191 1027 eiua,
224 951 305 1027 quod
337 952 488 1026 provenit,
519 951 700 1026 multiplica·
984 907 1149 1172 Α

1144 677 1160 712 a

52 1041 133 1098 tione
156 1040 188 1097 in
211 1041 411 1118 quadraginta
431 1040 562 1115 quinque
580 1039 615 1097 fit
633 1058 699 1098 cen-

12 1141 38 1181 ιο
51 1131 116 1186 tum
143 1130 304 1206 octoginta.
358 1129 399 1187 llt
433 1128 570 1187 similiter
597 1147 698 1203 super·
736 1167 821 1172 —-—
842 1167 981 1228 ''d''“”'
1139 1158 1152 1209 b

51 1217 131 1276 ficies
154 1213 236 1296 <de>
264 1218 322 1277 erit
352 1218 478 1294 triginta
511 1235 568 1275 sex.
625 1216 699 1276 Cum

52 1326 121 1384 ergo
155 1307 350 1365 minuerimus
386 1325 493 1365 novem
529 1325 564 1364 ex
598 1306 799 1384 quadraginta
837 1306 984 1382 quinque,
1019 1327 1053 1363 r·

50 1396 183 1454 manebit
211 1396 338 1472 triginta
369 1414 433 1470 sex,
465 1395 546 1470 quod
573 1397 618 1453 est
645 1394 813 1470 superficies
842 1395 1003 1469 quadrata,
1034 1421 1060 1446 ν
1126 1378 1151 1474 Pi

51 1488 96 1542 est
123 1485 229 1560 quater
257 1485 360 1560 quinte
388 1484 590 1560 quadraginta
617 1484 763 1559 quinque,
792 1486 823 1542 et
846 1502 887 1557 pe
913 1487 958 1543 est
981 1483 1147 1542 rad‘s¹¹

9 1583 36 1624 15
52 1592 165 1632 novem.

139 1661 185 1719 Sit
217 1661 308 1719 etiam
336 1663 377 1719 ob
400 1664 473 1719 tres:
497 1660 563 1720 dico
586 1660 692 1737 igitur,
718 1660 799 1736 quod
823 1680 858 1718 ex
880 1658 1139 1739 multiplicff‘

49 1750 130 1808 tione
153 1749 244 1809 tercie
267 1750 299 1806 in
322 1749 446 1807 terciam
473 1753 503 1808 et
526 1769 562 1808 ex
585 1749 662 1824 eius,
686 1750 766 1825 quod
785 1749 939 1825 provenit,
961 1751 1055 1809 mult
1071 1749 1132 1797 λ·

48 1838 210 1913 plicatione
233 1839 265 1895 in
288 1839 407 1896 centum
431 1839 583 1914 octoginta
605 1838 641 1895 fit
663 1838 780 1916 viginti.
817 1838 885 1896 Erit
907 1837 1005 1916 igitur
1023 1858 1043 1898 a
1096 1837 1131 1892 st

49 1926 135 1984 radix
156 1927 274 2004 viginti,
298 1930 328 1984 et
344 1945 384 2000 pe
403 1926 488 1984 radix
507 1930 645 2002 quatuor.
683 1926 759 1985 Cum
778 1945 847 2004 ergo
866 1926 1121 1986 minuerimits

9 2027 35 2067 2⁰
50 2019 182 2090 quatuor
209 2036 245 2073 ex
271 2015 393 2093 viginti,
416 2016 593 2090 remanebit,
621 2016 783 2074 secundum
805 2017 885 2090 quod
907 2005 1119 2094 <dietum>

49 2108 106 2180 est,
135 2104 304 2180 superficies
333 2104 494 2180 quadrata,
523 2107 553 2162 et
580 2108 625 2163 est
652 2107 759 2179 quater
786 2104 918 2180 quinque
945 2096 1104 2182 viginti·

137 2194 178 2251 Et
210 2194 348 2252 similiter
380 2213 447 2251 cum
473 2192 659 2269 posuerimus
690 2195 731 2252 ab
759 2195 903 2267 quatuor,
937 2193 997 2253 erit
1025 2199 1096 2267 aff

47 2283 133 2342 radix
160 2283 298 2342 undecim
321 2286 351 2342 et
374 2285 494 2358 quarte,
523 2283 553 2339 et
577 2300 613 2356 ep
635 2280 721 2339 radix
743 2280 869 2340 duomm
892 2284 924 2340 et
947 2286 1080 2357 quarte·

48 2370 260 2447 Propertiones
297 2376 399 2430 autem
433 2373 463 2430 et
495 2370 679 2446 quantitates
711 2373 867 2428 remanent
897 2372 1072 2430 secundum

8 2471 33 2512 2⁵
49 2478 150 2518 earum
177 2461 396 2536 habitudinem,
424 2463 455 2518 et
481 2479 576 2534 neque
604 2459 795 2534 minuuntur,
822 2477 920 2534 neque
943 2478 1067 2535 permu-

47 2552 159 2606 tantur.
208 2549 274 2606 Iam
301 2568 371 2625 ergo
399 2547 532 2624 quelibet
559 2548 667 2605 harum
694 2547 906 2605 habitudinum
935 2547 968 2606 in
998 2550 1063 2608 loco

48 2637 144 2712 primo
178 2636 361 2695 habitudinis
394 2637 532 2715 erigitur,
564 2636 679 2694 numeri
711 2655 781 2694 vero
813 2635 1060 2696 diversificantur.

49 2723 107 2782 Sed
142 2726 348 2800 proportiones
386 2730 416 2784 ct
450 2744 564 2784 summe
599 2728 723 2784 manent
758 2723 921 2783 secundum
958 2745 1061 2784 earum

48 2812 259 2873 habitudinem.
305 2814 401 2873 Huius
424 2833 494 2873 vero
518 2816 684 2889 causaest,
710 2812 860 2889 quoniam,
885 2832 955 2872 cum
977 2815 1060 2890 poni·

8 2914 35 2955 ao
47 2920 114 2960 mus
138 2902 248 2961 lineam
271 2902 339 2978 duo,
363 2906 392 2961 et
410 2903 645 2978 multiplicamus
664 2920 731 2961 eam
748 2902 780 2959 in
798 2901 865 2976 duc,
884 2904 1061 2977 provenient

48 2993 191 3066 quatuor,
224 3012 313 3067 quem
344 2996 449 3067 postea
480 2991 712 3066 multiplicamus
744 2991 776 3048 in
804 3010 977 3066 numerum,
1008 2994 1061 3051 aut

48 3079 283 3155 multiplicamus
307 3081 366 3140 duo
389 3081 421 3139 in
444 3080 516 3156 duo,
540 3079 658 3155 deinde,
681 3079 762 3156 quod
784 3079 938 3155 provenit,
960 3081 1061 3140 multi-

47 3169 193 3245 plicamus
216 3169 248 3227 in
266 3189 431 3243 numerum,
450 3173 480 3227 et
497 3169 653 3244 proveniet
670 3166 865 3244 superficialis
884 3169 1062 3243 quadratus.

1055 1307 1151 1344 ‘e-

119 3327 142 3374 2.
162 3319 324 3375 medietatis
339 3323 368 3374 et
381 3319 550 3374 medietatis.
571 3352 605 3360 -
625 3326 666 3374 13.
686 3318 845 3388 superficies
859 3320 1061 3391 quadraginta.

47 3425 82 3434 —
98 3399 138 3446 14.
154 3394 282 3461 quatuor.
293 3423 327 3432 —
339 3397 379 3446 17.
395 3391 467 3463 eius]
482 3407 523 3445 eo.
534 3389 706 3460 —provenit
721 3407 754 3444 ex
767 3388 1016 3459 multiplicatione.
1028 3423 1060 3433 -
1152 3452 1155 3457 ,

44 3469 87 3519 21.
108 3466 238 3533 quatuor.
259 3495 294 3503 -
312 3468 355 3518 30.
374 3462 553 3534 provenient]
570 3461 700 3532 probant.
720 3494 754 3503 -
774 3468 815 3516 32.
834 3463 978 3535 provenit]
997 3480 1060 3533 pro-

35 3533 114 3593 bant.
136 3571 171 3580 —
193 3543 235 3594 33.
256 3534 424 3611 proveniet]
441 3535 576 3607 probant.
