2340 3834
80 170 153 235 242·
365 169 530 224 ANARITII
548 168 805 224 COMMENTARII

79 339 296 398 adnumerum
323 339 353 396 lc:
381 358 450 415 ergo
480 357 540 396 non
567 342 613 397 est
639 337 793 414 proportio
823 338 964 414 quadrati
988 339 1023 395 at
1047 340 1159 398 ad

81 427 259 504 quadratum
290 426 367 485 linea
400 429 409 485 l
441 427 517 486 sicut
544 428 699 503 proportio
730 427 847 485 numeri
879 426 1019 503 quadrati
1050 428 1155 486 ad

79 535 234 574 numerum
262 515 454 592 quadratum,
483 511 574 594 <ergo
597 512 653 595 let>
675 535 735 575 non
758 515 957 575 communicat
978 516 1073 574 linae
1133 517 1152 572 Ζ

79 605 110 662 in
133 604 328 682 longitudine,
350 604 402 664 sed
420 605 618 664 communicat
636 605 664 663 ei
681 605 713 663 in
731 604 880 680 potentia:
904 623 974 682 ergo
992 605 1028 662 ht
1045 605 1149 662 est

53 693 235 753 orationalis
257 694 289 751 in
312 694 454 769 potentia.
504 693 618 753 Ponam
642 696 754 768 autem,
779 696 815 751 ut
837 693 992 769 proportio
1017 709 1143 768 qua-

81 782 160 841 drati
184 784 194 840 l
217 782 256 840 ad
279 782 458 858 quadratum
481 787 526 840 tra
548 782 587 840 sit
610 781 687 841 sicut
709 782 862 858 proportio
880 782 996 840 numeri
1014 783 1033 840 lc
1063 777 1142 838 ad

79 890 233 935 numerum
256 889 306 944 ap.
351 870 527 930 Ostenditur
549 890 631 948 ergo,
656 871 733 929 sicut
756 872 907 929 ostensum
930 873 987 946 est,
1011 864 1140 945 quod

80 964 124 1018 tm
147 963 192 1018 est
214 959 370 1018 rationalis
392 960 423 1017 in
446 961 590 1035 potentia.
627 961 668 1018 Et
687 959 757 1035 quia
775 960 929 1035 proportio
948 951 1138 1034 quadrati

79 1049 114 1106 at
141 1049 179 1107 ad
207 1049 386 1124 quadratum
409 1050 419 1107 l
441 1051 486 1106 est
508 1048 587 1106 sicut
607 1048 761 1124 proportio
785 1049 826 1107 ob
849 1048 889 1106 ad
910 1049 942 1122 le,
969 1050 1001 1106 et
1022 1061 1138 1124 pro-

42 1151 68 1190 10
81 1138 179 1212 portio
204 1137 342 1212 quadrati
365 1138 375 1194 l
398 1136 436 1194 ad
459 1137 638 1212 quadratum
663 1142 714 1194 lm·
729 1139 775 1195 est
797 1137 873 1195 sicut
895 1137 1057 1212 proportio
1102 1127 1138 1185 k

79 1224 118 1283 ad
132 1244 186 1299 ap:
210 1245 279 1302 ergo
298 1224 460 1284 secundum
479 1226 673 1300 equalitatem
691 1225 845 1301 proportio
864 1227 905 1284 ab
925 1225 964 1283 ad
981 1244 1024 1300 cy
1050 1216 1138 1280 est

80 1314 157 1373 sieut
174 1315 327 1390 proportio
346 1308 530 1391 (quadrari)
546 1315 581 1372 let
603 1313 641 1371 ad
660 1313 842 1389 quadratum
860 1318 912 1371 tm.
946 1313 1005 1373 Sed
1023 1325 1136 1390 prO‘

79 1403 177 1478 portio
192 1404 233 1462 ab
252 1402 290 1460 ad
304 1421 346 1476 ap
363 1421 423 1461 non
442 1406 487 1461 est
505 1403 581 1461 sicut
598 1403 752 1478 proportio
766 1403 883 1460 numeri
897 1403 1038 1478 quadrati
1062 1387 1137 1455 ad

79 1511 233 1549 numerum
248 1491 434 1567 quadratum,
453 1492 571 1568 ergodt
586 1493 632 1549 est
646 1491 778 1549 seiuncta
792 1496 836 1550 tm
848 1491 880 1548 in
894 1491 1137 1569 longitudine,

41 1594 67 1634 is
82 1599 151 1658 ergo
169 1582 212 1655 let,
226 1584 271 1637 lm
287 1579 319 1636 in
332 1580 468 1654 potentia
481 1583 601 1638 tantum
615 1582 685 1638 suut
698 1580 859 1638 rationales
879 1581 909 1637 et
928 1568 1136 1638 communi‘

81 1671 190 1727 cantes.
209 1668 322 1726 Ponam
333 1686 402 1725 vero
413 1669 433 1726 d
438 1686 452 1727 e
466 1669 603 1743 equalem
612 1670 654 1742 let,
668 1663 758 1744 supra
767 1663 901 1747 (quam)
909 1669 1136 1728 constituam

81 1756 300 1815 semicirculum
318 1757 384 1829 dea,
403 1756 435 1813 in
454 1776 513 1831 quo
532 1756 657 1834 figuram
677 1756 787 1815 lineam
805 1762 850 1815 tm
868 1758 1015 1833 equalem,
1034 1759 1135 1832 (111⁶

81 1845 121 1903 sit
144 1846 196 1918 da,
220 1846 250 1901 et
272 1845 434 1920 producam
456 1863 503 1919 re,
528 1848 557 1903 et
580 1845 742 1919 ostendam,
765 1846 842 1904 siout
865 1847 983 1905 ostendi
1006 1853 1134 1922 supe'

81 1933 158 2008 rius,
186 1932 266 2007 quod
294 1935 332 1991 de
359 1933 588 1992 incommunieat
616 1952 658 1994 cr.
704 1935 785 2011 Ergo
811 1936 847 1993 let
872 1936 973 2010 potest
1001 1936 1133 2011 supra

41 2036 68 2075 ao
82 2026 126 2080 tm
154 2039 219 2078 cum
247 2025 405 2099 augmento
435 2022 574 2097 quadrati
600 2022 677 2080 linee
706 2023 837 2081 seiuncta
860 2022 918 2080 sibi
940 2024 971 2081 in
995 2011 1130 2104 longi:

81 2110 192 2169 tudine.
213 2170 215 2174 ,
239 2109 297 2167 Sed
324 2110 400 2168 lineo
427 2113 462 2168 let
485 2113 514 2170 et
537 2115 581 2169 lm
604 2112 673 2168 suut
695 2111 825 2170 seiuncta
848 2111 925 2170 linea
947 2098 1130 2171 rationah

81 2198 113 2256 in
141 2198 326 2277 longitudine
354 2199 435 2275 date,
465 2202 495 2257 et
521 2200 553 2257 in
580 2200 715 2275 potentia
740 2202 811 2258 sunt
832 2199 995 2260 rationales
1019 2182 1131 2279 (et)

82 2289 343 2347 communicantes:
372 2307 441 2365 ergo
468 2289 521 2347 lem
549 2291 594 2346 est
620 2287 783 2346 binomium
805 2290 933 2364 sextum3
961 2292 993 2348 et
1015 2269 1125 2347 illud

83 2381 140 2453 est,
165 2377 245 2452 quod
267 2376 468 2436 demonstrare
491 2376 648 2435 voluimus,

42 2478 68 2518 rc
170 2464 267 2535 Quod
300 2465 477 2540 sequitur,
503 2465 622 2542 figure
651 2464 948 2542 quinquagesime
976 2459 1114 2525 tercie

83 2553 243 2611 additum
265 2546 490 2634 invenitur.¹)

173 2640 257 2710 Quod
284 2643 384 2698 autem
411 2643 557 2716 quadrata
585 2660 685 2700 aarum
710 2644 780 2700 suut
800 2642 954 2717 medialia,
978 2633 1108 2701 seilicet

85 2729 164 2805 quod
200 2729 424 2789 communicatio
461 2730 587 2789 duorum
623 2730 835 2805 quadratorum
867 2749 935 2807 ma,
967 2750 1009 2791 us
1045 2725 1097 2788 est

83 2816 231 2893 medialis,
253 2817 320 2875 ideo
344 2821 402 2891 est,
425 2819 565 2894 quoniam
587 2819 652 2896 ipsa
675 2822 744 2877 suut
768 2819 885 2894 aqualia
907 2820 967 2878 toti
989 2834 1088 2896 super*

43 2905 160 2964 aoficiei
183 2907 232 2964 bd.
279 2905 337 2964 Sed
360 2907 527 2981 superficies
551 2909 592 2966 bd
615 2910 659 2967 est
683 2905 852 2982 [rationalis
876 2905 918 2984 et]
943 2907 1082 2974 medialis,

83 2994 222 3069 quoniam
249 2996 293 3054 cd
321 2998 365 3054 est
392 2996 547 3055 rationalis
569 2997 601 3054 in
624 2997 759 3072 potentia
781 2998 901 3055 tantum
925 3000 956 3055 et
978 2999 1079 3057 incom-

82 3082 234 3142 municans
254 3085 295 3142 ab
317 3083 349 3142 in
372 3084 565 3161 longitudine,
589 3087 770 3161 quapropter
792 3085 960 3160 superficies
985 3088 1026 3146 bd
1043 3083 1081 3143 est

154 3241 194 3289 17.
214 3234 310 3305 figura.
331 3266 363 3275 -
383 3241 426 3290 22.
445 3251 499 3302 que
517 3235 555 3289 in.

153 3396 179 3464 1)
206 3393 342 3448 Eucmnas
365 3393 402 3463 X,
422 3399 456 3447 53
470 3393 635 3464 ¹<Gariennos
653 3394 691 3464 X,
711 3401 758 3462 603
786 3395 955 3451 Humuuoma
972 3396 1009 3466 X,
1028 3395 1077 3461 dil:

81 3466 114 3521 a·
132 3466 248 3530 binomia
267 3466 348 3520 tercio
366 3483 399 3519 oc
417 3466 490 3520 liaeo
504 3467 636 3520 rationali
649 3467 803 3535 superficies
817 3468 996 3535 contincatur,
1013 3467 1078 3520 aaa

73 3539 104 3592 in
123 3555 185 3593 eam
197 3544 299 3608 potens
318 3538 369 3595 erit
388 3537 532 3594 bioaediale
550 3539 706 3594 secandune.
