2340 3834
103 188 165 252 198
338 236 344 257 ,
387 185 827 242 111111111111111111111

98 359 119 415 d
156 359 185 414 et
214 375 234 429 9
267 359 336 414 sunt
368 355 566 431 superficiales
598 375 657 414 non
690 356 810 415 similes.
863 357 933 416 Non
965 359 1010 415 est
1041 376 1150 446 erg-2

98 444 247 520 possibile,
269 447 304 502 ut
326 445 414 503 cadat
436 445 514 502 inter
537 463 586 504 eos
604 463 752 520 numerus,
776 448 806 504 et
825 445 899 504 fient
917 453 978 505 tres
996 465 1150 518 nume-

99 533 258 592 seoundum
290 533 511 609 proportionem
542 528 683 612 (unam).
735 533 922 610 Impossibile
955 536 1000 592 est
1031 553 1150 622 erg-3

101 622 180 697 quod
208 622 296 680 cadat
318 622 395 680 inter
418 622 491 680 duos
514 641 650 680 numeros
674 642 694 681 a
717 625 747 680 et
770 625 786 681 b
809 641 961 698 numerus,
990 624 1020 680 et
1040 622 1140 692 fient

75 713 162 772 rtres
185 711 300 769 numeri
323 711 455 769 continui
474 712 719 786 proportionales.
760 711 828 770 Duo
848 712 942 789 igitur
960 711 1072 770 numeri
1104 738 1122 776 a

99 803 130 857 et
156 802 172 858 b
200 819 260 859 non
289 802 358 857 sunt
384 799 584 875 superficiales
612 801 731 858 similes.
779 800 836 858 Sed
863 818 1003 859 numerus
1025 819 1045 859 a
1065 808 1110 860 est

99 888 270 963 quadratus,
294 907 364 965 ergo
387 907 525 946 numerus
550 890 566 946 b
590 891 635 946 est
656 883 758 967 <1ο1>
781 888 958 965 quadretus3
984 892 1014 947 et
1034 889 1099 947 illud

99 979 156 1052 est,
180 977 258 1053 quod
281 977 482 1035 demonstrare
505 977 663 1035 voluimus

188 1064 349 1124 Ostendam
373 1066 476 1140 etiam,
504 1065 595 1140 quod,
625 1085 699 1124 cum
722 1084 887 1125 numerus
911 1066 1097 1142 quadratus

59 1155 325 1230 romultiplicat
362 1173 540 1211 numerum
571 1173 639 1212 non
672 1155 898 1230 quadratum,
936 1156 996 1231 qui
1028 1154 1098 1212 inde

99 1246 331 1321 aggregatur,
364 1245 417 1300 est
448 1261 612 1301 numerus
644 1262 712 1301 non
747 1236 985 1325 quadratus.¹)
1038 1242 1101 1300 Pro·

97 1332 180 1391 butio
208 1333 284 1406 eius,
312 1334 346 1388 ut
373 1330 527 1390 redeamus
554 1331 592 1389 ed
613 1332 753 1410 figuram,
782 1335 812 1390 et
834 1332 874 1390 sit
897 1352 916 1391 o
939 1331 1103 1408 quadratur,

100 1424 129 1478 et
147 1424 164 1479 b
182 1440 242 1479 non
256 1420 429 1496 quadratus,
449 1422 478 1477 et
492 1438 596 1497 aggre·
810 1467 829 1520 d

99 1513 186 1587 getur
200 1529 234 1567 ex
248 1508 496 1583 multiplicatione
509 1509 596 1567 unius
633 1537 636 1574 1
814 1552 1006 1558 -—

59 1611 84 1650 15
100 1617 200 1656 eorum
216 1597 247 1654 in
263 1598 388 1654 alterum
403 1597 595 1672 superficialis
835 1644 853 1696 9

96 1706 128 1761 p,
152 1689 182 1745 et
205 1686 244 1744 sit
268 1705 408 1744 numerus
432 1686 594 1761 dquadra·
632 1699 832 1735 1-·---
848 1696 1066 1732 ·--·-·¹

98 1778 147 1832 tus
170 1793 202 1832 α.Ἰ
247 1775 288 1832 Et
315 1774 385 1850 quia
412 1793 552 1832 numerus
576 1794 595 1833 a
709 1803 727 1838 a
978 1786 994 1838 b

99 1865 144 1920 est
167 1863 341 1938 quadrum,
368 1866 397 1920 et
418 1865 594 1921 numerusb
631 1856 634 1891 ¹
794 1856 797 1893 ¹
862 1855 1106 1890 1“”’“““““

98 1970 155 2008 non
185 1953 360 2026 quadratus,
390 1971 459 2029 crgo
487 1952 544 2009 duo
571 1953 686 2009 numeri
714 1971 746 2027 a,
774 1954 790 2010 b
819 1955 888 2011 sunt
910 1951 1111 2027 superficiales

59 2054 85 2092 20
100 2058 159 2098 non
183 2041 301 2098 similes.
347 2041 415 2098 Non
438 2040 531 2117 igitur
554 2041 633 2101 cadit
654 2041 734 2098 inter
757 2060 806 2099 eos
829 2059 968 2099 numerus
992 2041 1112 2114 tercius,

98 2131 132 2186 ut
162 2129 237 2187 fiant
267 2133 327 2187 tres
359 2130 474 2187 numeri
505 2131 643 2187 continue
670 2130 920 2205 proportionales,
952 2147 1014 2187 non
1044 2147 1112 2207 ergo

98 2219 189 2276 etium
215 2218 293 2276 inter
320 2217 394 2276 duos
421 2237 558 2276 numeros
584 2219 605 2276 d
632 2221 701 2291 etp
725 2219 805 2276 cadit
827 2236 968 2276 numerus
991 2219 1113 2292 tercius,

97 2303 174 2384 <ut>
208 2309 420 2366 continuentur
451 2310 526 2365 tres
542 2306 659 2364 numeri
690 2307 967 2382 proportionaliter:
1000 2300 1113 2385 <ergo)

98 2396 155 2455 duo
187 2395 303 2454 numeri
333 2397 354 2454 d
386 2399 416 2454 et
445 2415 464 2470 p
495 2412 554 2454 non
585 2397 653 2454 sunt
681 2395 739 2453 duo
767 2396 881 2453 numeri
909 2393 1112 2470 superficiales

59 2497 84 2538 11
100 2484 218 2543 similes.
265 2483 323 2542 Sed
350 2503 490 2542 numerus
513 2486 533 2543 d
560 2487 605 2542 est
632 2484 806 2560 quadratus,
835 2503 905 2560 ergo
928 2501 1112 2557 numerusy

99 2576 143 2630 est
161 2591 220 2630 non
239 2572 413 2650 quadratus3
433 2577 463 2631 et
481 2573 555 2630 illud
570 2575 623 2647 est,
642 2573 721 2648 quod
735 2572 937 2631 demonstrare
952 2572 1110 2646 voluimus,

187 2657 285 2728 Quod
318 2662 496 2736 sequitur,
533 2661 693 2720 additum
728 2664 782 2720 est
812 2662 932 2738 figure
971 2651 1111 2740 sextos)

98 2749 144 2806 Ex
166 2748 221 2807 hac
243 2747 349 2824 figura,
373 2768 462 2823 quem
485 2750 619 2825 premisl,
643 2750 805 2824 ostendam,
829 2749 905 2807 sieut
928 2749 1111 2808 ostendimus

98 2832 172 2915 (in)
195 2837 357 2911 quadratis
380 2838 469 2912 quod,
493 2857 567 2896 cum
585 2857 750 2896 numerus
771 2838 919 2920 cubicus
938 2838 976 2896 in
994 2857 1111 2900 numo·

104 2959 166 2966 »⁴—

171 3030 194 3077 1.
218 3040 274 3077 non
293 3021 397 3076 similes
421 3024 545 3078 iteratio.
568 3056 602 3062 -
627 3030 667 3078 10.
692 3023 904 3092 multiplicetur.
930 3056 964 3064 -
989 3031 1035 3082 23.
1058 3027 1110 3079 tres

98 3111 237 3148 numeros.

103 3207 256 3214 -—--..-.
265 3207 290 3211 ..-
307 3207 314 3211 .-

171 3274 196 3341 1)
219 3270 339 3325 Ibidem:
377 3271 409 3326 Se'
430 3289 491 3327 cero
514 3279 670 3342 tetrapouuc
693 3273 724 3326 iu
746 3289 888 3326 numerum
911 3274 1035 3343 aliquem
1057 3289 1108 3328 uos

98 3351 268 3414 tetraqouum
287 3344 417 3409 ducatur,
439 3344 488 3412 qui
509 3344 574 3398 iude
587 3345 767 3413 producetur,
790 3360 846 3397 uon
869 3348 1044 3415 tetrayouum
1060 3358 1108 3402 esst

98 3420 356 3558 neceddeldsdournss
374 3483 427 3555 IX,
447 3490 475 3540 t:
515 3485 545 3541 Si
567 3501 600 3540 eoo
623 3487 706 3541 ductu
727 3485 868 3539 cuiusdam
894 3487 1008 3542 numeri
1034 3487 1064 3542 is
1082 3500 1107 3540 or
1147 3506 1150 3521 ¹

77 3558 175 3627 12111111
191 3561 282 3618 cubus
290 3561 485 3633 producatur,
504 3576 566 3616 eune
583 3575 637 3615 esse
652 3557 751 3612 cutum
763 3555 911 3608 uecusurto
925 3559 1108 3624 europem.
1141 3532 1150 3615 i
