2316 3840
93 156 155 220 178
378 155 544 209 ANARITII
562 153 819 211 COMMENTARII
868 180 871 187 ’
927 154 929 160 ⁴

91 327 188 385 lorum
212 326 290 399 obp,
317 325 379 398 clep
407 328 452 383 est
477 324 576 382 minor
602 324 715 383 duobus
741 325 830 384 rectis
852 326 987 403 angulis,
1008 320 1014 405 Ι
1036 346 1108 405 ergo
1125 334 1151 386 71

91 416 146 472 due
170 413 247 471 lines
271 415 312 471 ba
335 415 366 470 et
388 415 440 488 77,
468 433 534 472 oum
556 415 773 488 protrahuntur
795 414 959 473 seeundum
981 415 1108 475 reatitu-

91 503 202 576 dinem,
243 506 426 562 concurrent.
486 501 532 560 Sit
572 522 642 579 ergo
681 521 783 561 earum
818 521 977 563 concursus
1016 523 1109 581 supra

89 594 233 667 punctum
254 609 279 650 7.
325 588 487 650 Ostendam
514 593 627 667 autem,
655 591 733 651 siout
760 592 890 650 ostendit
910 593 944 650 in
968 612 1021 669 ea,
1051 614 1108 670 que

50 691 63 731 5
90 679 243 756 precessit:
270 700 339 757 ergo
363 684 451 738 erunt
473 681 569 739 latera
590 680 835 756 proportionalia,
859 681 937 741 siout
961 682 1107 755 diximum

91 773 121 827 et
143 769 218 826 illud
241 772 298 843 est,
322 770 401 844 quod
423 769 624 829 demonstrare
647 769 804 829 voluimus.

178 858 214 914 In
236 857 357 935 figura
380 850 566 938 septima1)
589 877 649 916 non
672 857 709 917 ob
733 858 815 916 aliud
837 859 914 916 dixit
933 859 1108 934 Enonmus,

89 950 125 1005 ut
143 947 278 1023 anguliq
296 950 356 1006 eta
374 948 435 1005 sint
452 948 580 1005 maiores
599 949 652 1005 aut
669 947 798 1006 minores
821 950 915 1025 reato,
940 949 1002 1006 nisi
1027 950 1106 1024 quia,

91 1055 158 1095 oum
185 1035 310 1110 quisque
339 1055 442 1094 earum
469 1035 561 1094 fuerit
582 1039 693 1110 reatus,
722 1039 753 1094 et
775 1037 833 1095 duo
857 1037 964 1113 anguli
988 1056 1010 1096 a
1034 1039 1107 1097 etd

51 1139 77 1176 1⁰
91 1128 160 1183 sunt
183 1124 313 1199 equales,
336 1127 408 1182 tuno
431 1125 490 1184 duo
513 1124 619 1202 anguli
641 1126 658 1183 7
682 1128 712 1183 et
735 1143 750 1183 e
772 1127 859 1183 errant
882 1126 1016 1200 equales

178 1215 214 1272 ln
237 1214 358 1291 figura
381 1217 509 1273 octava
533 1206 700 1294 deeima²)
720 1213 795 1272 dixit
812 1215 941 1288 Ysmua
965 1216 1059 1290 quod,
1082 1216 1107 1274 si
1148 1216 1151 1283 j

89 1303 178 1378 linea,
196 1297 296 1381 <que>
310 1303 446 1377 sequitur
460 1304 499 1376 bq
511 1301 544 1359 in
557 1302 757 1378 proportione,
774 1303 809 1361 fit
822 1302 918 1361 maior
932 1303 1017 1362 linea
1033 1302 1107 1381 [79],
1146 1288 1151 1421 Ι

90 1411 146 1467 que
174 1392 419 1467 proportionetur
441 1393 480 1449 ad
503 1393 554 1466 77,
583 1393 674 1450 donee
696 1392 850 1466 proportio
875 1393 914 1466 bq
938 1392 977 1449 ad
1004 1411 1041 1453 er
1069 1394 1108 1452 sit
1146 1434 1151 1467 2

90 1481 167 1539 siout
197 1480 350 1555 proportio
379 1498 413 1538 er
442 1480 480 1536 ad
509 1482 562 1554 77,
594 1481 651 1538 erit
677 1480 792 1556 reliqua
818 1480 957 1556 probatio
988 1483 1107 1557 equalis
1147 1488 1151 1525 ‘=

50 1581 75 1620 15
89 1569 259 1645 probationi
286 1568 445 1626 Euomms.
495 1569 606 1628 Nostra
637 1572 737 1627 autem
768 1568 882 1627 additio
913 1571 946 1627 in
974 1570 1036 1630 hoo
1064 1575 1111 1630 est
1148 1604 1151 1667 i

89 1660 176 1716 huius
204 1652 334 1735 (modi).
385 1655 466 1715 (lum
495 1659 633 1716 fuerint
660 1659 806 1716 duorum
832 1660 1108 1735 triangulorum
1147 1674 1151 1741 7

90 1749 153 1820 alp
186 1749 216 1803 et
245 1748 304 1805 7777
336 1745 401 1803 duo
434 1747 558 1824 anguli
591 1748 607 1805 b
636 1751 665 1805 et
694 1765 707 1806 e
735 1748 893 1822 equalem,
928 1751 963 1805 et
991 1750 1110 1808 fuerit
1147 1760 1151 1829 ,“

89 1835 278 1910 proportio
306 1835 484 1911 trianguli
512 1838 576 1910 obp
603 1837 646 1894 ad
672 1837 894 1914 triangulum
921 1838 983 1895 7777
1012 1840 1110 1897 siout
1149 1836 1151 1893 ζ

90 1925 281 1999 proportio
309 1924 436 1982 lateris
465 1926 505 1997 bq
532 1925 574 1982 ad
601 1926 697 1984 latus
726 1943 760 1985 77
787 1925 992 2001 duplicata,
1022 1930 1110 1986 tuno
1148 1934 1151 1977 ¹

50 2028 77 2068 ao
91 2013 157 2070 duo
180 2012 359 2090 trianguli
382 2016 486 2070 erunt
509 2013 653 2074 similes,
699 2013 840 2072 Probatio
864 2015 937 2089 eius,
961 2018 1109 2089 quoniam

89 2103 263 2178 protraham
284 2102 396 2159 lineam
415 2103 454 2160 bl
477 2103 508 2159 in
531 2104 723 2178 proportione
746 2105 885 2178 sequente
909 2103 985 2162 duas
1011 2106 1110 2164 lineas

90 2194 142 2267 lq,
170 2209 212 2252 er.
257 2192 338 2269 Ergo
366 2192 519 2266 proportio
544 2193 582 2265 tq
605 2193 644 2250 ad
667 2210 701 2252 77
724 2194 768 2249 est
790 2193 866 2250 siout
888 2195 1051 2267 proportio
1075 2213 1111 2255 77

160 2403 237 2451 8-9.
257 2395 305 2464 qui
324 2413 394 2450 oum.
416 2428 446 2435 -
469 2400 580 2449 11-12.
601 2394 639 2449 sit
655 2393 739 2449 linea.

162 2608 405 2690 1)Euca11>ssVI‚
427 2614 454 2664 7:
484 2608 1015 2678 Sifueriattduotriamquli,quorum
1033 2632 1110 2669 imus

90 2681 208 2748 aupulus
226 2681 278 2732 uui
296 2680 397 2748 aupulo
416 2681 456 2733 alt
445 2683 529 2734 terius
547 2680 663 2748 equalis,
682 2681 787 2748 duoque
804 2696 916 2733 suorum
934 2682 1110 2752 reliqueram

90 2751 254 2819 appulorum
273 2750 402 2803 lateribus
416 2751 669 2819 proportionalibus
687 2767 737 2804 aaa
737 2752 816 2817 777777,
840 2752 958 2804 duorum
976 2770 1043 2809 aero
1062 2758 1108 2811 cle-

90 2839 163 2874 mum
180 2821 346 2888 reliquorum
363 2828 473 2889 uterque
491 2828 541 2876 aut
557 2828 651 2875 ueuter
668 2828 738 2875 reolo
756 2823 857 2892 aupulo
875 2823 980 2889 miuor,
1002 2844 1109 2882 77777777

90 2899 139 2957 est,
116 2893 223 2945 tillos
241 2893 339 2946 duost
328 2893 482 2961 triauqulos
500 2893 624 2947 omuibus
642 2894 700 2946 suis
719 2894 829 2963 auqulis
846 2910 874 2946 se
891 2893 1013 2950 iuriaem
1031 2900 1108 2967 equi·

90 2981 128 3016 au
146 2965 205 3016 ulos
223 2979 284 3016 esse

128 2981 295 3086 9Eucmnus
314 3033 364 3102 VI,
386 3039 431 3088 18.
465 3033 635 3103 Propositio‚
659 3051 744 3102 quam
767 3033 813 3087 hio
836 3039 1013 3091 commentat
1033 3040 1107 3093 Ans·

89 3123 175 3158 marus
199 3120 250 3157 neo
274 3104 349 3173 apud
373 3103 532 3173 Causarum,
560 3122 611 3159 neo
635 3106 710 3174 apud
728 3105 901 3159 Harssaomn
925 3108 968 3160 est
988 3109 1043 3179 VI
1063 3116 1108 3178 18,

90 3177 140 3228 sed
159 3175 234 3244 apud
253 3173 401 3228 Canrsnuu
420 3176 462 3228 est
480 3175 526 3242 VI,
548 3182 579 3229 17
600 3179 629 3230 et
648 3177 723 3245 apud
741 3177 912 3231 Humanam
932 3178 979 3248 Vl,
1002 3187 1051 3237 19:
1075 3155 1109 3238 Si

89 3249 194 3313 fuerint
183 3248 271 3301 lduo
289 3248 424 3316 triamquli
446 3247 559 3315 similes,
578 3250 720 3331 proportio
738 3249 851 3302 alterius
873 3250 911 3303 ad
929 3251 1052 3306 alterum
1069 3260 1109 3308 est

89 3325 221 3386 tauquam
236 3321 378 3386 proportio
397 3318 539 3373 cuiuslibet
528 3325 601 3372 isui
597 3321 655 3373 'lat
644 3321 708 3374 teris
726 3320 763 3373 acl
776 3336 856 3374 suum
868 3320 1019 3376 relativum
1034 3325 1109 3380 latus

89 3390 202 3444 alterius
216 3390 366 3457 duplicata.
386 3389 532 3442 Aslnmms
546 3389 719 3445 demonstrat
729 3406 890 3444 conversam
888 3393 1108 3472 propositionis

90 3459 182 3513 ethio
200 3477 266 3513 usus
286 3462 329 3513 est
349 3458 510 3513 definitione
529 3459 734 3530 triangulorum
753 3460 1005 3535 symmetrioorum‚
1026 3466 1109 3520 ouius

77 3531 110 3582 in
128 3534 200 3587 nota
215 3537 230 3586 1
247 3551 277 3603 p
295 3536 347 3588 176
366 3529 539 3586 mentionem
555 3531 682 3587 ieoimus
