2340 3834
105 180 170 246 186
391 180 558 236 ANARITII
576 179 834 236 ΟΟΜΜΕΝΤΑΕΠ

103 352 215 410 lineam
229 354 266 427 te,
281 369 371 427 quam
384 368 494 425 ponam
508 351 643 426 equalem
656 352 734 410 lineo
747 370 810 427 mu,
825 354 855 409 θῖ
869 355 902 425 tq
916 351 1054 427 equalem
1066 352 1101 410 ml

104 441 135 497 et
161 438 334 515 protraham
360 438 538 497 diametrum
561 441 606 515 ot,
639 441 669 497 et
696 439 849 515 complebo
882 439 1054 516 superficies
1074 441 1101 512 lq

102 529 152 603 fb,
178 529 222 600 flu.
274 526 449 603 Supeifioies
475 530 577 605 itaque
605 547 642 603 qs
670 532 715 587 θεῖ
742 529 896 606 quingenti
925 528 1101 606 septuagint

103 635 162 692 sex,
190 619 324 675 remanet
351 635 421 694 ergo
449 635 557 694 gnomo
579 618 659 690 ltfflr
685 618 767 676 mille
796 621 826 675 et
848 618 958 696 uiginti
981 620 1101 694 quatuor

73 703 162 763 ⁵Sed
186 706 228 764 alt
251 708 297 764 θεῖ
318 707 427 782 viginti
450 706 625 781 cubitorum,
648 709 679 765 et
700 708 740 765 lto
763 706 918 766 duodecim
942 705 1101 766 cubitorum

103 813 175 872 ergo
198 813 239 853 oo
263 796 308 853 est
329 796 455 872 tuiginta
483 795 609 852 duorum
636 795 815 869 cubitorum,
844 797 874 853 et
896 796 988 854 etiam
1010 796 1047 868 fo
1075 813 1101 854 es

102 883 229 960 triginta
256 883 382 942 duorum
410 883 588 959 cubitorum,
616 886 758 960 quoniam
779 885 816 958 fq
844 887 889 942 est
915 883 1101 961 quadragiut

103 975 179 1044 aeto,
206 974 237 1030 θῖ
255 974 293 1031 bo
316 975 361 1031 est
384 975 450 1031 oeto
473 972 647 1031 cubitorum.
702 972 767 1030 Iam
798 991 868 1050 ergo
896 973 1101 1031 adiunxerimu

103 1061 142 1119 ad
169 1061 280 1119 lineam
307 1063 348 1120 ab
376 1059 561 1136 superficiem
589 1062 631 1134 af
654 1062 789 1137 equalem
815 1062 968 1138 triangulo
993 1080 1028 1136 9,
1060 1081 1100 1137 qu

59 1151 250 1209 wesemale
269 1153 299 1208 ot
316 1151 425 1226 viginti
444 1153 579 1225 quatuor,
597 1151 751 1209 inveniens
770 1169 806 1208 ex
824 1151 1022 1226 completione
1040 1151 1100 1208 line

103 1238 288 1315 superficiem
310 1241 347 1311 fb
370 1238 497 1296 similem
516 1240 680 1314 superficiei
702 1241 752 1313 rel,
775 1240 854 1316 quod
876 1240 943 1297 ideo
968 1242 1022 1312 est,
1046 1258 1101 1315 quo

102 1328 184 1386 niam
211 1329 290 1386 latus
317 1345 373 1386 mu
405 1328 450 1384 est
477 1328 675 1403 quadruplum
701 1329 805 1386 lateris
831 1329 889 1403 ml,
921 1330 952 1386 et
978 1327 1101 1386 similite

102 1417 182 1475 latus
209 1417 243 1489 fo
276 1418 321 1473 θεῖ
348 1414 547 1490 quadiuplum
575 1417 676 1475 lateris
705 1419 755 1491 b03
788 1419 818 1475 θῖ
844 1417 918 1475 illud
947 1419 1004 1492 est,
1038 1435 1101 1492 quo

103 1505 303 1563 demonstrare
318 1504 473 1562 voluimus.
505 1504 588 1574 Quod
608 1506 633 1564 si
652 1507 844 1583 contingeret,
863 1509 898 1564 ut
914 1506 1101 1583 triangulus

61 1589 201 1668 1⁵<esset
224 1588 359 1672 equalis>
387 1596 439 1650 aut
465 1594 533 1669 plus
559 1595 641 1652 mille
669 1596 813 1653 sexcentis
841 1595 961 1669 cubitis,
989 1613 1101 1671 quorun

102 1681 271 1757 superficies
300 1684 344 1740 est
367 1685 414 1757 ot,
442 1700 502 1740 nou
529 1685 606 1742 esset
633 1683 785 1759 possibile,
813 1687 847 1741 ut
874 1684 912 1742 ad
938 1684 1051 1742 lineam
1074 1686 1101 1742 a}

102 1770 315 1846 adiungeretur
337 1770 506 1845 superficies
529 1772 643 1847 equalis
667 1773 702 1847 ei,
725 1776 755 1831 et
775 1775 910 1831 numeret
933 1791 968 1830 ex
987 1772 1101 1848 oomple

101 1860 202 1916 mento
222 1859 284 1917 eius
303 1859 487 1934 superficiem
505 1877 549 1934 oo,
573 1864 603 1918 et
622 1864 698 1919 esset
716 1862 750 1934 fo
769 1862 968 1937 quadiuplum
987 1863 1035 1935 bo,
1058 1861 1101 1919 nis

101 1948 180 2005 foret
197 1949 350 2023 propoitio
368 1949 402 2021 fo
417 1948 455 2007 ad
468 1950 507 2007 ob
526 1949 602 2007 siout
618 1950 771 2024 proportio
790 1952 832 2009 de
850 1951 888 2008 ad
903 1969 937 2009 er
956 1951 1101 2008 secundun

58 2049 88 2089 so
102 2037 179 2097 illud
200 2037 303 2095 maior.
350 2036 433 2096 Siout
455 2039 480 2096 si
504 2040 581 2096 esset
603 2038 770 2113 superficies
788 2039 968 2115 uianguliy
990 2039 1101 2096 ‹luoruu

101 2125 218 2183 milium
245 2125 425 2201 cubitorum,
457 2128 528 2184 tuno
555 2129 753 2185 necessatium
786 2130 875 2201 esset,
906 2130 941 2185 ut
968 2129 1011 2186 ab
1039 2146 1100 2186 esse

101 2214 199 2273 minor
221 2217 338 2273 eentum
361 2215 477 2289 cubitis,
501 2218 531 2273 et
549 2215 686 2273 similiter
703 2216 886 2291 reliquorum
904 2234 1027 2291 operum
1045 2235 1101 2292 par.

101 2322 132 2361 se
155 2304 254 2363 habet.
300 2303 358 2362 sed
376 2299 444 2383 <si>
466 2306 507 2364 <a
528 2305 619 2362 fuerit
642 2305 821 2380 quadratum
844 2306 906 2363 sive
930 2305 1101 2364 diversorun

101 2392 238 2466 laterum,
261 2392 398 2468 probatio
420 2411 480 2451 uno
502 2393 590 2451 modo
614 2393 678 2468 erit,
701 2388 773 2472 <θῖ>
796 2394 900 2452 eodem
922 2393 1024 2470 modo,
1052 2395 1101 2452 siu

59 2494 88 2534 aa
102 2481 282 2557 quadratum
302 2481 394 2539 fuerit
415 2484 563 2540 rectorum
587 2482 763 2559 angulorum
786 2484 848 2541 sive
871 2483 1062 2542 diversorum.

191 2569 239 2626 De
263 2569 384 2646 figura
406 2570 577 2628 vicesima
600 2563 732 2647 nona.¹)
785 2570 869 2640 Quod
897 2575 1036 2647 oppoitet
1062 2571 1101 2629 ad¹

101 2659 188 2734 iungi
208 2656 302 2734 figure
329 2659 467 2716 uicesimo
494 2677 571 2716 none
598 2659 685 2717 huius
711 2660 819 2735 partis,
848 2663 892 2717 est
918 2660 1008 2733 illud,
1035 2659 1101 2737 quo<¹

173 2868 197 2917 3.
217 2860 372 2943 quinginta.
383 2895 418 2903 -
428 2868 452 2915 9.
468 2861 575 2929 equale.
587 2895 620 2902 —
632 2868 672 2917 15.
683 2863 758 2945 plus]
772 2863 932 2945 plurimum.
942 2895 978 2904 -
993 2863 1067 2918 eubi.
1079 2895 1101 2904 -

99 2939 215 2988 20-21.
236 2934 290 2987 duo
309 2932 426 2987 milium.
445 2965 479 2972 —
501 2939 543 2987 26.
562 2932 604 2986 De
622 2933 712 3002 figura
729 2951 863 2989 noemma
880 2952 956 2989 nona
974 2937 1031 2991 iam
1050 2941 1101 2990 ont

99 3007 182 3060 verba
201 3004 256 3058 Sed
274 3003 299 3058 si
317 3006 355 3059 dr
373 3005 404 3058 ire
423 3005 496 3058 linea
515 3009 533 3058 6
551 3005 697 3060 iuvenitur.
762 3085 764 3089 Δ

174 3201 200 3270 1)
228 3199 363 3253 Eucamus
381 3199 432 3268 VI,
454 3206 487 3253 29
516 3199 647 3268 (Caurum
664 3200 715 3268 VI,
739 3207 786 3269 283
813 3201 960 3255 Humanam
978 3202 1030 3270 VI,
1054 3204 1097 3271 29)

99 3271 189 3340 Super
211 3272 305 3326 datam
327 3272 427 3325 lineam
447 3272 509 3326 date
531 3273 683 3341 superficiei
704 3273 824 3327 trilatera
847 3290 944 3342 equum
964 3274 1099 3343 parallelo

99 3359 252 3413 qrammum
269 3343 436 3410 coenitare,
454 3344 527 3412 quod
544 3345 631 3398 addot
648 3360 729 3412 super
747 3344 947 3412 completionem
964 3345 1027 3400 dote
1044 3345 1101 3400 liro

99 3414 267 3484 superficiem
280 3414 504 3483 equidiaoatium
518 3415 633 3469 laterum
647 3415 709 3469 dote
722 3415 874 3483 arpafieiee'
887 3416 1101 3484 equidlstortiur

95 3486 216 3540 laterum
230 3486 353 3541 nmium.
368 3516 403 3524 —
421 3484 474 3539 Hie
488 3501 599 3554 quoque
613 3487 706 3539 textus
721 3484 867 3538 Hutauaou
884 3486 984 3542 habet:
1004 3488 1101 3558 ,figure

82 3557 258 3626 reetelr’nea‘ss
278 3556 357 3616 loeo:
375 3559 553 3631 ,superficies
571 3558 726 3615 trilatera&
