2316 3840
106 185 169 249 144
387 183 553 239 ANARITII
571 181 829 239 COMMENTARII

100 354 195 431 figure
226 351 374 411 tricesimo
406 348 517 430 <tercie
549 348 677 431 partis>‚
711 352 792 428 quod
822 352 949 430 angulus
975 353 1041 426 bap

101 444 207 500 rectus.
267 439 343 499 (lum
379 460 448 518 ergo
486 441 674 500 diviserimus
711 459 953 517 unamquamque
988 440 1069 500 duar

101 531 248 589 linearum
271 530 321 604 ab,
344 548 386 604 up
407 530 439 587 in
462 530 521 588 duo
544 529 642 589 media
665 548 756 605 supra
778 529 837 588 duo
860 533 973 605 puncta
996 531 1018 588 d
1040 532 1070 589 et

76 608 132 678 ¹ot
159 618 390 694 protraxerimus
417 618 490 677 duas
517 619 612 677 lineas
640 620 681 678 da
704 622 734 677 θὴ
755 636 803 695 ae,
830 619 1025 677 manifestum
1054 638 1069 677 θ

75 708 184 784 squod
210 707 267 765 due
294 707 371 765 linee
394 709 435 767 ad
458 711 488 766 et
511 709 552 767 db
580 710 649 766 sunt
677 708 797 783 equales
825 707 939 766 duabus
967 706 1056 766 lineis

103 799 133 856 et
156 797 208 856 dc.
263 794 321 854 Sed
351 795 430 855 basis
455 798 492 856 be
523 799 569 855 est
600 797 715 872 equalis
746 791 853 874 <basi>
877 814 929 856 aa:
963 815 1035 873 ergo
1068 821 1069 848 ι

103 885 193 962 galus
211 886 274 944 bda
292 887 337 943 θεὴ
355 885 471 960 equalis
490 885 600 962 angulo
619 886 693 958 ado,
712 905 782 963 ergo
799 885 880 944 linea
894 887 935 944 de
954 888 1001 944 est
1019 885 1069 943 ort

103 973 251 1051 gonaliter
274 977 371 1032 erecta
394 992 483 1050 super
503 974 615 1032 lineam
633 976 688 1047 ab3
712 977 742 1033 et
761 973 899 1033 similiter
915 973 998 1032 linea
1015 991 1052 1033 ae

103 1061 356 1139 perpendicularis
393 1081 484 1138 supra
519 1061 630 1121 lineam
658 1081 707 1136 ap.
771 1062 899 1137 Propter
933 1062 990 1121 hoc
1027 1061 1069 1139 igi

64 1166 90 1204 10
103 1152 206 1227 posuit
228 1151 387 1211 Eucumas
411 1151 556 1229 angulum
578 1155 705 1226 rectum,
732 1154 762 1210 et
785 1151 919 1209 divisivit
941 1150 1054 1209 lineam

103 1241 135 1299 in
158 1240 216 1301 duo
237 1240 336 1298 media
359 1258 449 1315 supra
472 1243 575 1298 notam
597 1242 630 1314 d,
658 1243 688 1298 et
709 1239 851 1315 produxit
877 1239 990 1298 lineam
1014 1241 1055 1299 da

103 1329 233 1388 medium
260 1329 337 1388 linee
361 1331 408 1402 by.
449 1328 563 1387 Deinde
591 1328 721 1388 ostendit
754 1329 832 1404 quod
859 1328 939 1386 linea
963 1329 1004 1387 da
1037 1348 1069 1402 eq

104 1419 198 1477 distat
219 1418 297 1476 linee
321 1436 371 1491 ap,
399 1420 433 1475 ut
461 1418 651 1492 demonstret,
680 1417 759 1492 quod
781 1437 841 1477 non
868 1417 1018 1492 protraxit
1046 1435 1069 1474 er

104 1507 162 1565 nisi
180 1510 217 1565 ut
235 1510 313 1565 esset
330 1506 590 1582 perpendicularis.
638 1505 696 1564 Sed
714 1506 814 1579 etiam,
831 1505 903 1564 licet
921 1525 981 1563 non
1001 1506 1069 1563 affer

65 1609 90 1649 15
104 1595 310 1655 testimonium
332 1594 427 1672 figure
450 1595 597 1654 tricesime
620 1595 715 1670 partis
738 1594 838 1668 tercie,
862 1593 1025 1652 secundum
1043 1594 1069 1650 hr

104 1685 224 1743 modum
242 1684 319 1743 foret
337 1684 537 1759 manifestum,
561 1683 704 1759 quoniam
722 1683 921 1742 necessarium
939 1686 994 1758 est,
1017 1685 1053 1740 ut

104 1775 150 1848 ab,
173 1767 252 1850 (ap)
276 1773 336 1831 sint
359 1773 487 1848 equales.
537 1771 614 1841 Quia
641 1772 735 1849 igitur
761 1772 841 1829 linea
864 1790 905 1830 cr
933 1775 980 1829 est
1007 1788 1069 1847 equ

104 1861 182 1919 linee
210 1862 260 1937 br,
293 1861 350 1920 erit
382 1861 510 1938 angulus
539 1862 601 1920 aba
637 1860 753 1936 equalis
790 1859 899 1936 angulo
928 1860 1003 1934 bam
1042 1879 1069 1934 qr

106 1950 209 2025 etiam,
241 1949 313 2025 quia
344 1967 382 2024 ap
414 1952 459 2008 est
491 1949 607 2025 equalis
634 1967 687 2024 aa,
720 1968 790 2026 ergo
823 1948 950 2025 angulus
982 1967 1044 2022 epa

66 2053 93 2093 ao
108 2039 222 2114 equalis
237 2040 345 2115 angulo
355 2057 432 2112 rap:
447 2057 517 2115 ergo
532 2037 700 2096 coniunctio
715 2038 842 2096 duorum
856 2037 1066 2114 anguloruma

106 2130 172 2202 apd
195 2130 241 2186 est
264 2127 379 2202 equalis
403 2127 512 2204 angulo
536 2128 608 2201 bap.
656 2125 714 2185 Sed
736 2129 796 2185 tres
824 2125 928 2202 anguli
953 2128 1065 2200 dam

106 2219 170 2291 aab
189 2219 259 2274 sunt
277 2217 397 2291 equales
417 2214 531 2275 duobus
553 2216 641 2274 rectis
665 2215 796 2292 angulis:
820 2222 889 2292 ergo
910 2215 1069 2292 angulusl

107 2309 151 2365 est
173 2308 284 2379 rectus3
309 2308 339 2364 θὴ
361 2304 438 2363 illud
461 2307 513 2378 est,
539 2303 618 2379 quod
640 2303 841 2363 demonstrare
864 2303 1024 2362 voluimus.

193 2393 308 2452 Ponam
320 2396 464 2469 preterea,
482 2396 519 2451 ut
533 2395 666 2451 centrum
680 2392 781 2450 circuli
796 2392 835 2450 sit
850 2395 935 2451 extra
948 2392 1059 2450 lineam

67 2495 93 2534 as
106 2482 221 2540 Ponam
242 2481 354 2556 itaque,
376 2484 413 2540 ut
430 2482 528 2557 ipsum
550 2481 591 2540 sit
612 2484 684 2540 nota
707 2482 732 2539 lc.
779 2480 864 2550 Quod
892 2480 964 2556 quia
988 2483 1069 2539 centr

107 2569 210 2628 circuli
229 2569 309 2627 cadit
328 2573 418 2646 extra,
443 2589 513 2646 ergo
532 2570 675 2646 sequitur,
697 2573 733 2627 ut
753 2569 792 2628 sit
809 2569 908 2644 portio
928 2569 1040 2644 circuli7
1062 2587 1069 2624 r

108 2658 240 2717 continet
270 2658 457 2735 triangulum
484 2661 561 2733 obp,
597 2659 695 2716 minor
726 2658 918 2717 semicirculo.
975 2657 1033 2716 Sed
1060 2656 1069 2713 i

107 2747 168 2806 fuit
191 2749 342 2804 ostensum
365 2767 400 2805 ex
423 2747 597 2822 probatione
620 2747 713 2824 figure
736 2746 883 2805 tricesimo
907 2747 998 2805 tercie
1020 2765 1069 2821 par

110 2835 190 2911 quod
213 2835 353 2912 angulus,
382 2836 433 2910 qui
457 2836 536 2895 cadit
564 2835 595 2894 in
624 2835 761 2912 portione
788 2835 903 2893 minore
931 2835 1069 2894 semicircr

69 2939 95 2978 eo
110 2927 156 2982 est
174 2943 332 3000 expansus:
352 2943 422 3002 ergo
442 2925 569 3001 angulus
589 2926 654 2998 bap
672 2927 718 2983 est
736 2943 890 3000 expansus.
923 2924 988 2982 Hoc
1008 2941 1069 2998 quor

109 3014 270 3072 secuudum
298 3013 392 3071 alium
418 3013 539 3071 modum
567 3013 731 3071 declarabo.
778 3011 925 3081 Quoniam
952 3011 1069 3089 protrah

109 3102 183 3160 duas
205 3102 300 3160 lineas
323 3103 374 3177 lod,
397 3103 445 3176 loc,
467 3097 546 3178 <que
570 3105 672 3161 secant
693 3102 804 3159 lineam
827 3102 867 3175 tp
890 3101 970 3160 notis
994 3104 1053 3160 tet

108 3191 149 3248 Et
170 3190 232 3248 iam
255 3190 393 3249 scivimus
417 3190 649 3266 exprobatione
672 3191 766 3268 figure
789 3190 880 3248 tercie
904 3185 1069 3268 <tercie>p

107 3280 155 3355 tis,
179 3280 259 3356 quod
282 3279 368 3352 liuee,
391 3299 448 3355 que
467 3279 671 3355 producuntur
689 3299 707 3338 a
726 3281 826 3338 centro
851 3279 889 3337 ad
908 3279 1037 3338 medium
1057 3294 1069 3334 c

181 3491 204 3540 5,
229 3484 302 3538 linae
320 3502 356 3556 pa
375 3487 404 3538 et
422 3484 466 3538 de.
493 3517 528 3524 -
556 3489 579 3537 8.
604 3487 648 3538 θεὴ
667 3486 767 3538 erecta.
792 3515 827 3524 -
856 3489 898 3538 18.
923 3483 999 3539 linee
1016 3499 1059 3538 aa

96 3556 224 3627 angulus
241 3574 312 3632 rap.
333 3591 369 3598 -
389 3562 431 3614 31.
453 3555 639 3612 declaratum.
658 3587 690 3596 -
709 3561 754 3608 33.
770 3554 919 3626 scivimus]
936 3554 1069 3611 secabimu
