2340 3834
72 185 136 250 308
356 150 799 237 aasaiouoonnamnan

73 352 255 428 superficiem
289 351 425 427 equalem
453 349 620 424 superficiei
646 369 678 426 a,
711 369 770 426 que
799 349 840 409 sit
864 351 918 424 1123
949 365 1141 426 rema-laet

73 461 143 519 ergo
169 435 382 517 (superficies)
410 439 447 498 ela
476 438 592 514 equalis
624 439 792 514 superficiei
823 440 849 498 b.
900 437 959 498 Sed
989 439 1005 498 b
1091 455 1124 506 eat

72 529 228 589 rationalis
252 531 282 586 et
300 531 345 587 est
363 527 505 586 adiuncta
528 527 567 586 ad
584 529 631 602 et,
651 531 682 587 et
698 529 739 587 et
757 530 803 586 est
820 526 988 586 rationalis:
1011 544 1106 606 ergo

73 636 110 678 ze
145 621 190 676 est
221 617 377 676 rationalis
408 616 440 674 in
472 616 657 693 longitudine
690 619 720 674 et
752 616 953 676 eommunicet
983 616 1021 675 ta
1068 618 1093 672 ιἰι

48 706 270 784 slongitudine.
312 705 371 764 Sed
393 723 413 764 α
434 700 508 784 <et>
526 707 542 763 b
562 707 607 765 est
624 705 768 780 medialis,
792 707 823 763 et
841 723 861 764 α
879 707 926 764 est
942 701 1082 773 medialis

76 800 106 854 et
133 796 197 871 ipse
224 797 294 853 sunt
316 794 438 870 equales
466 795 517 869 de,
540 795 593 854 da:
621 811 692 870 ergo
715 795 767 868 de,
790 795 831 854 da
852 797 924 852 sont
944 791 1090 851 modiola?y

75 887 105 943 et
141 884 278 942 adiunote
311 883 350 940 ad
379 883 488 941 lineam
515 883 560 955 pri
588 881 781 956 rationalem,
810 900 881 960 ergo
908 878 1090 958 unaquequl3

75 972 203 1032 duarum
237 972 385 1030 linearum
418 989 454 1045 ep
492 973 522 1029 et
550 988 591 1044 pa
623 974 668 1029 est
699 970 855 1030 rationalis
887 970 920 1029 in
951 955 1130 1046 potentias

74 1056 236 1139 <tantum>
259 1064 289 1119 et
310 1059 562 1119 incommunieans
580 1060 625 1133 aa
642 1059 675 1116 in
692 1058 889 1136 longitudine.
931 1058 979 1118 Sit
997 1019 1168 1157 ensal„

34 1165 63 1202 10
77 1149 244 1226 superficies
276 1151 311 1207 ele
343 1148 478 1206 medialis
509 1150 539 1206 et
568 1149 585 1206 b
615 1147 783 1223 superficies
812 1147 983 1207 rationalis:
1015 1165 1075 1224 ergo

75 1239 244 1314 superficies
277 1256 296 1296 o
327 1237 460 1296 seiuncta
492 1236 658 1312 superficiei
689 1238 714 1296 b.
766 1235 825 1295 Sed
856 1254 875 1295 a
908 1238 938 1293 et
970 1238 987 1295 b
1016 1238 1078 1295 sunt

76 1328 197 1404 equales
218 1328 262 1400 ple
285 1328 314 1384 et
336 1328 388 1401 he,
412 1343 481 1402 ergo
502 1327 546 1399 pie
568 1329 614 1384 est
635 1325 890 1385 incommunieans
914 1326 952 1383 eh
975 1326 1006 1382 in
1023 1326 1079 1383 lon-

76 1416 219 1493 gitndine,
243 1417 273 1473 et
294 1431 333 1488 pa
355 1417 401 1472 est
418 1416 553 1472 seiuncta
570 1432 607 1473 ae
623 1413 656 1472 in
673 1413 874 1491 longitudine:
898 1431 969 1490 ergo
988 1431 1082 1490 super·

76 1504 155 1563 fieies
176 1521 216 1578 92
237 1503 270 1560 in
291 1520 328 1563 aa
351 1505 396 1560 est
418 1503 552 1561 seiuncta
575 1504 723 1579 quadrato
745 1521 789 1562 ae.
836 1502 895 1560 Sed
917 1503 1084 1578 superficies
1162 1506 1170 1517 ⁴

37 1605 62 1644 15
74 1611 114 1667 pe
141 1593 173 1650 in
199 1610 235 1651 ze
262 1591 461 1650 eommunicet
484 1591 574 1668 duplo
598 1591 671 1667 eius,
694 1594 724 1650 et
747 1588 928 1667 quadratum
952 1609 988 1650 ea
1011 1610 1084 1650 oom-

76 1680 211 1739 munieat
238 1679 384 1755 quadrato
409 1697 462 1755 pa,
495 1683 525 1738 et
552 1679 678 1756 duplum
705 1698 748 1754 pa
776 1680 809 1737 in
838 1697 873 1740 aa
902 1683 948 1738 est
978 1680 1085 1740 ineom·

76 1769 229 1827 munieans
258 1767 373 1826 duobus
403 1768 557 1843 quadratis
582 1787 636 1843 φῇ,
660 1786 694 1829 ea
717 1769 890 1828 coniunctis.
937 1767 997 1827 Sed
1024 1787 1087 1828 eum

78 1858 311 1933 coniunguntur,
343 1859 415 1914 tuno
447 1861 546 1916 totum
576 1857 758 1933 quadratum
782 1875 822 1931 pe
850 1860 896 1916 est
921 1858 1089 1917 seiunctum
1168 1869 1170 1885 ¹

78 1944 193 2004 dnobus
218 1945 371 2021 quadratis
392 1963 446 2020 qa,
468 1964 504 2005 ze
523 1947 696 2006 coniunctis.
732 1946 800 2006 Duo
819 1949 921 2005 autem
941 1946 1088 2022 quadiuta

38 2049 64 2086 20
76 2052 129 2110 pe,
156 2053 192 2095 ae
218 2037 289 2093 sunt
314 2034 488 2111 rationalia,
517 2054 588 2112 ergo
615 2034 797 2111 quadratum
821 2053 862 2108 pe
884 2037 930 2094 est
958 2035 1087 2109 surdum,
1139 2067 1166 2096 ι

79 2122 160 2200 quod
182 2123 363 2182 eontrarium
387 2126 432 2182 est
455 2127 485 2181 et
502 2124 684 2199 impossibile
703 2124 852 2198 consistit,
875 2124 937 2181 iam
956 2125 1037 2183 enim
1051 2141 1088 2198 pe
1147 2135 1159 2144 “

78 2214 138 2271 fuit
168 2213 200 2270 in
231 2213 366 2289 potentia
393 2213 558 2271 rationalis.
603 2212 807 2288 Augmentum
834 2212 928 2289 igitur
954 2212 1086 2272 medialis
1149 2223 1170 2253 z

78 2320 168 2379 super
197 2301 354 2359 mediatem
382 2320 442 2359 non
471 2304 517 2359 est
545 2300 704 2373 rationale3
735 2302 781 2359 est
810 2300 887 2358 illud
917 2305 978 2376 est,
1010 2300 1085 2377 qnod
1161 2294 1170 2334 ²

79 2390 281 2448 demonstrare
303 2389 461 2449 voluimus,

40 2489 66 2528 25
168 2477 375 2552 Exemplum
398 2477 561 2536 vicesimi
584 2470 732 2554 tercii.1)

170 2565 299 2642 Signabo
332 2567 435 2641 itaque
467 2565 542 2625 duas
573 2565 667 2624 lineas
700 2584 720 2624 a
752 2569 782 2624 et
814 2567 830 2625 b
862 2567 1029 2625 rationales
1059 2567 1087 2623 in
1145 2582 1170 2606 ·

81 2655 216 2729 potentia
246 2657 276 2712 et
304 2655 335 2711 in
366 2673 400 2711 ea
430 2657 549 2712 tantum
578 2654 843 2729 communicantes,
874 2673 950 2730 quas
981 2673 1079 2731 ponae
1134 2672 1170 2696 ⁴·

82 2745 212 2817 quatuor
230 2746 260 2800 et
277 2742 406 2800 radicem
425 2742 591 2816 duodecim,
611 2746 641 2801 et
658 2762 777 2818 ponam,
795 2746 830 2801 ut
847 2761 867 2802 a
884 2744 982 2819 possit
999 2763 1055 2820 sup
1075 2767 1078 2792 ι
1145 2755 1170 2780 ²

83 2833 99 2889 b
123 2832 283 2889 seeundum
306 2835 500 2907 augmentum
519 2832 659 2907 quadrati
676 2833 763 2906 linee,
786 2831 835 2891 eui
854 2850 873 2890 o
892 2832 1101 2892 communies·
1147 2846 1169 2854 ¹*

42 2931 69 2970 3⁰
83 2920 114 2977 in
137 2919 337 2997 longitudine,
360 2922 389 2977 et
412 2939 562 2978 assumam
584 2919 663 2978 inter
685 2939 704 2979 a
728 2923 757 2978 et
780 2922 797 2978 b
819 2920 944 2996 lineam,
967 2923 1002 2978 ut
1024 2938 1167 2979 eon-⁶*

82 3009 219 3066 tinuatur
244 3008 411 3083 proportio,
440 3028 497 3084 que
520 3009 560 3067 sit
580 3028 612 3083 93
636 3028 666 3067 es
686 3027 707 3082 p
730 3011 760 3067 et
782 3010 800 3068 b
823 3011 853 3067 et
875 3010 896 3068 d
918 3009 1009 3068 etiam
1030 2998 1160 3067 sin.

83 3097 326 3172 proportionales.
373 3095 458 3164 Quod
485 3101 541 3171 est,
569 3099 604 3155 ut
631 3097 828 3172 multiplicem
855 3096 1036 3172 quadratum
1059 3113 1075 3154 a
1110 3128 1147 3160 a

157 3289 198 3337 18.
218 3281 403 3351 coniungitur.
424 3313 457 3323 -
477 3289 519 3335 22.
539 3283 698 3352 augmenti.
718 3315 753 3323 —
771 3281 900 3338 mediale.

150 3482 178 3552 1)
205 3477 346 3536 Eoonmas
370 3479 411 3551 X,
428 3484 463 3534 23
491 3477 644 3550 (Gauranos
661 3477 706 3546 K,
720 3484 771 3543 243
794 3477 960 3532 Humanam
978 3475 1015 3542 X,
1031 3475 1091 3539 31),

69 3549 144 3608 Vide
162 3574 190 3628 p.
210 3561 263 3613 281
285 3558 347 3613 not.
366 3561 391 3612 1.
