2340 3834
96 158 212 213 XXVIII
457 156 737 212 PROLEGOMENA.

95 324 196 373 rantur
219 319 345 388 inputat
386 316 440 371 Per
461 317 537 384 quod
558 315 648 370 voluit
669 315 804 385 intelligi,
828 318 872 385 ut,
896 313 1104 382 cumprimum

96 397 251 466 ponderum
272 397 387 466 ponitur
408 396 439 450 in
461 413 517 449 una
540 395 620 450 lance
643 396 766 450 trutinae
789 398 819 450 et
836 395 988 449 secundum
1006 409 1104 448 eorum

96 476 127 529 in
150 476 241 531 altera
263 476 356 547 lance,
380 479 409 530 et
432 475 610 545 suspenditur
632 475 740 530 trutina
762 475 938 545 suspensoria
962 490 1024 543 suo,
1049 472 1104 527 erit

98 557 231 626 angulus,
258 573 342 625 quem
369 555 524 610 circumdat
547 558 652 609 statera
680 559 709 610 et
736 556 943 625 suspensorium
968 552 1103 621 trutinae,

72 649 170 690 eunus
190 637 227 690 ad
244 637 359 691 tertium
377 639 406 691 et
424 639 563 706 quartum,
582 653 646 690 cum
663 635 778 690 tertium
795 635 881 689 firerit
897 633 1021 705 positum
1039 632 1102 687 loco

97 716 189 786 primi,
209 718 238 771 et
256 719 387 786 quartum
403 716 434 769 in
452 715 514 771 loeo
534 715 656 771 secundi.
684 717 721 770 Et
740 715 869 770 similiter
887 714 911 768 si
930 713 1060 782 quintum
1072 710 1103 765 in

98 796 160 850 loco
174 795 257 866 primi
274 799 303 851 et
316 796 392 851 tertii
407 800 536 866 ponatur,
551 799 580 850 et
595 799 703 850 sextum
717 795 747 848 in
756 796 818 850 loco
832 793 947 850 secundi
961 795 990 847 et
1018 792 1102 847 uarti.

99 874 135 928 Et
149 876 346 945 cumprimum
360 876 446 930 etiam
460 878 489 930 et
502 876 654 930 seeundum
667 876 697 928 in
712 875 821 930 duabus
830 811 1103 1008 ΨΜ,

98 955 214 1009 tertium
237 959 265 1010 et
283 958 414 1024 quartum
436 956 466 1008 in
489 956 598 1010 duatus
620 955 748 1010 lancibus
772 955 852 1010 alte⁸
875 973 888 1008 s
910 953 1048 1021 trutinae,
1074 955 1103 1007 et

59 1048 86 1087 ro
99 1034 228 1102 quintum
247 1039 275 1090 et
294 1039 403 1090 sextum
420 1035 451 1089 in
465 1036 574 1090 duabus
587 1036 716 1090 lancibus
730 1036 853 1090 trutinae
867 1034 976 1103 tertiae,
996 1032 1103 1103 anguli,

98 1114 147 1182 qui
166 1117 231 1168 sunt
248 1115 322 1170 inter
341 1115 517 1186 suspensoria
535 1115 704 1170 trutinarum
723 1117 752 1169 et
769 1117 889 1169 stateras
908 1130 1015 1183 earum,
1037 1114 1104 1166 sunt

98 1194 186 1247 etiam
212 1195 269 1250 uni.
315 1196 367 1249 Per
389 1196 442 1249 hoc
466 1197 572 1264 autem,
600 1195 676 1263 quod
702 1195 732 1247 in
754 1195 845 1249 verbis
871 1194 931 1248 eius
953 1192 1102 1262 invenitur,

100 1272 259 1330 scilicetne
277 1277 402 1343 diensis,
423 1276 426 1348 l
447 1275 536 1329 voluit
553 1274 688 1344 intelligi,
716 1275 791 1343 quod
815 1291 878 1328 cum
894 1273 1016 1343 primum
1032 1290 1103 1342 pon·
1121 1273 1149 1322 31

100 1353 196 1407 derum
209 1355 295 1409 fuerit
309 1355 426 1424 aequale
441 1355 571 1424 secundo,
586 1356 692 1408 stetere
705 1355 829 1409 trutinae
844 1353 897 1408 erit
911 1370 974 1407 cum
988 1368 1104 1421 suspen-

60 1434 173 1488 rasorio
196 1434 284 1504 ipsius
303 1435 464 1504 coniuncta,
492 1451 582 1502 neque
606 1434 659 1489 erit
681 1435 755 1490 inter
778 1451 812 1489 ea
835 1434 962 1505 angulus.
998 1432 1103 1486 Ynnrus

100 1516 195 1567 autem
212 1513 345 1568 diffinivit
361 1514 570 1584 proportionem
588 1513 695 1568 dicens:
721 1515 868 1582 „Poiadera
881 1512 1105 1582 proportionalia

100 1595 207 1648 diversa
224 1602 289 1649 sant
311 1611 356 1662 ea,
379 1613 448 1664 qnae
465 1612 526 1649 enni
544 1611 665 1664 appensa
682 1595 800 1662 fuerint,
823 1600 903 1648 erant
923 1594 1010 1646 lineae
1028 1592 1103 1646 ordi-

99 1680 182 1728 natae
199 1675 346 1743 antennae
365 1675 531 1730 antecedenti
548 1691 641 1729 earnm
659 1681 684 1729 et
696 1675 866 1744 consequenti
883 1690 964 1742 snper
978 1671 1104 1741 namna

100 1753 216 1822 ananiae
232 1755 384 1822 superficiei
401 1753 573 1808 horizontis“.
604 1751 684 1817 Quod
703 1753 789 1808 etiam
807 1753 837 1806 in
851 1751 938 1806 nullis
957 1754 1104 1820 separatur

60 1845 86 1886 ao
101 1831 137 1884 ab
165 1847 212 1900 eo,
245 1833 396 1887 secundum
423 1834 498 1901 quod
525 1833 679 1886 Ansnnnns
710 1834 864 1903 ponderum
894 1830 1105 1902 proportionem

101 1910 239 1967 diffinivit.
274 1911 426 1967 Ostendam
443 1912 531 1983 igitur
548 1911 628 1981 illud,
647 1915 676 1966 et
693 1930 797 1982 ponam
815 1914 884 1966 duas
904 1928 938 1966 ex
955 1911 1104 1981 perpendi-

100 1990 242 2045 cularibus
269 1993 439 2047 trutinarum
466 1995 518 2059 ab,
539 1994 580 2063 qd
608 1991 758 2062 dispositas
785 1995 905 2061 quatuor
931 1990 1104 2061 ponderibus

100 2091 131 2140 a,
150 2073 179 2139 b,
196 2090 226 2142 9,
245 2074 277 2140 et,
300 2076 328 2127 et
351 2073 388 2126 sit
407 2073 550 2142 proportio
569 2091 587 2127 a
606 2074 643 2127 ad
662 2073 677 2126 b
696 2071 804 2142 sicutp
823 2071 908 2138 add,
932 2073 960 2123 et
979 2070 1017 2123 sit
1034 2085 1104 2123 nna·

604 2243 621 2292 b
718 2224 733 2268 t

101 2978 209 3031 queque
229 2978 324 3016 earum
346 2962 376 3015 in
395 2962 451 3016 dua
469 2960 562 3015 media
581 2958 670 3012 divisa
694 2975 776 3027 super
797 2960 852 3013 duo
869 2962 975 3028 puncta
993 2978 1013 3014 n
1031 2963 1060 3014 et
1077 2963 1103 3032 a,

61 3055 86 3096 25
102 3044 130 3095 et
149 3042 221 3094 duae
241 3043 362 3094 staterae
381 3057 476 3094 aarum
495 3040 552 3093 sint
565 3040 638 3092 duae
651 3037 743 3092 lineae
758 3042 866 3094 erectae
880 3057 900 3093 n
919 3042 947 3094 et
960 3041 986 3108 a,
1005 3042 1034 3093 et
1048 3041 1103 3095 duo

100 3120 277 3190 suspensoria
296 3137 392 3175 earum
410 3120 468 3174 sint
486 3120 557 3173 duae
575 3118 667 3172 lineae
686 3125 728 3186 tn,
747 3119 798 3188 aa,
825 3135 942 3186 quarum
960 3117 1105 3187 quaelibet

100 3201 252 3254 secundum
269 3200 467 3255 rectitudinem
484 3215 572 3268 usque
592 3198 629 3252 ad
642 3197 794 3252 horizontis
809 3198 983 3267 superficiem
997 3198 1034 3251 ad
1048 3199 1104 3253 duo

99 3284 204 3350 puncta
219 3283 229 3334 l
243 3283 271 3335 et
285 3299 311 3335 nr
324 3281 503 3350 producatur,
518 3280 547 3333 et
560 3277 760 3349 protrahantur
774 3277 846 3331 duae
860 3277 1104 3347 perpendiculares

100 3363 138 3415 ab
158 3363 186 3414 et
203 3362 245 3430 pet
269 3360 421 3414 secundum
442 3357 652 3426 rectitudinem,
677 3357 765 3410 donec
783 3360 931 3412 occurrant
949 3357 1104 3427 superficiei

60 3451 86 3492 as
99 3439 252 3494 horizontis
275 3439 305 3492 in
328 3439 437 3493 duobus
459 3437 571 3507 punctis
589 3455 609 3491 n
632 3439 660 3490 et
677 3453 697 3491 s.
739 3435 921 3490 Manifestum
943 3439 986 3490 est
1008 3435 1104 3505 igitur,

100 3521 174 3588 quod
202 3520 273 3572 duae
300 3518 392 3572 lineae
419 3520 457 3584 tt,
481 3518 529 3572 tn
556 3519 621 3570 sunt
649 3516 721 3569 duae
748 3515 992 3584 perpendiculares
1021 3533 1104 3585 snpra
