2316 3840
374 193 425 247 AD
443 184 714 248 EUOLIDEM'LIB.
729 194 762 248 X.
1006 193 1068 256 301

57 361 232 438 gitudine.
266 362 524 422 Communicantes
541 381 610 420 vero
625 362 657 419 in
670 361 858 439 longitudine
872 363 903 420 in
918 363 1069 420 clementis

57 451 248 512 ostendimus

148 540 193 601 Sit
225 559 295 619 ergo
329 541 408 600 linea
436 541 477 598 ab
505 539 661 598 rationalis
689 540 720 597 in
747 539 946 616 longitudine,
980 558 1071 614 qnam

55 644 180 706 ponam,
211 633 359 706 quantum
385 629 521 702 voluero,
554 647 612 703 quc
642 629 682 687 sit
710 628 842 703 quinque
870 647 905 686 ex
932 629 1069 703 numeria,

54 732 122 788 quc
149 720 188 779 sit
217 719 344 796 longior.
399 717 496 792 Supra
523 735 613 792 quam
643 717 825 776 constituam
852 718 1070 775 semicirculum
1097 727 1109 767 5

55 807 138 882 ayt,
159 809 189 867 θὴ
211 807 336 885 signabo
359 807 433 865 duos
457 824 595 864 numeros
619 807 671 880 dc,
690 822 737 879 ce,
760 808 791 864 et
810 824 934 879 ponam,
956 808 1069 865 utnon

55 891 104 949 sit
132 897 283 973 proportio
315 899 355 956 da
387 895 425 953 ad
456 914 700 970 unumquemque
732 914 924 953 numerorum
951 896 1001 968 dc,
1035 913 1070 954 ez

55 977 138 1043 sicut
158 985 311 1062 proportio
339 985 456 1043 numeri
478 983 625 1058 quadrati¹
641 983 679 1042 ad
701 1002 858 1041 numerum
882 983 1069 1059 quadratum,

55 1083 136 1140 quos
163 1093 275 1151 ponam
306 1073 364 1132 dno
397 1076 427 1132 et
454 1076 526 1148 tres,
558 1092 688 1147 quorum
714 1091 829 1131 summa
856 1074 901 1130 est
929 1072 1069 1147 quinque.

57 1151 165 1236 Sitque
195 1163 349 1240 proportio
381 1164 422 1223 da
449 1163 488 1220 ad
511 1179 548 1221 ac
575 1162 653 1220 sicut
679 1160 833 1240 proportio
860 1161 1000 1235 quadrati
1028 1162 1069 1219 tu
1083 1173 1110 1210 1⁰

62 1372 508 1790 affl,
567 1677 779 1784 lli-Li
887 1682 903 1728 3
1010 1692 1026 1784 ,Ζ

10 1950 13 1981 ;
63 1890 105 1982 {id
128 1907 304 1978 quadratum
326 1909 380 1982 hp,
407 1909 437 1965 et
461 1907 517 1964 hoc
540 1909 597 1981 est,
620 1910 656 1965 ut
678 1909 876 1983 multiplicem
898 1908 1008 1966 lineam
1031 1909 1072 1965 ab

10 2008 13 2061 ξ
63 1991 97 2036 ¹1¹
122 2009 166 2070 sc²
184 2016 240 2071 que
265 1999 310 2054 θεὴ
332 1997 479 2071 quinque,
502 1996 559 2053 erit
582 2015 665 2072 ergo,
689 1996 769 2072 quod
791 1997 941 2072 provenit,
964 1996 1073 2072 viginti

10 2136 14 2151 ,
64 2075 202 2158 quinque.
252 2085 356 2160 Ipsum
382 2084 486 2159 itaque
513 2084 719 2159 multiplicabo
747 2085 779 2142 in
806 2086 916 2143 lineam
940 2102 986 2159 ez,
1014 2103 1072 2159 que

10 2186 13 2237 j
64 2165 116 2221 est
134 2173 204 2248 tres,
227 2173 296 2249 erit,
320 2173 402 2248 quod
424 2173 570 2248 provenit,
593 2173 787 2249 septuaginta
809 2173 956 2248 quinque,
984 2175 1073 2247 quem

63 2235 195 2320 dividam
217 2283 271 2338 per
294 2280 449 2337 summam,
473 2280 531 2337 que
551 2265 596 2320 θεὴ
613 2261 693 2320 linea
713 2263 765 2336 da,
790 2280 847 2337 que
867 2264 912 2333 θεὴ
930 2262 1072 2337 quinque,
1087 2271 1112 2312 15

10 2388 13 2431 p
62 2334 98 2392 et
130 2352 264 2424 provenit
296 2371 332 2409 cx
362 2350 507 2410 divisione
539 2350 715 2425 quindecim.
765 2351 861 2408 Radix
889 2370 958 2427 ergo
986 2351 1072 2425 quin·

10 2442 12 2455 '
61 2414 159 2518 ‘decim
189 2443 235 2498 θεὴ
265 2440 346 2497 linea
378 2441 425 2513 bp.
480 2437 667 2516 Coniungam
699 2442 799 2498 autem
828 2458 847 2512 p
879 2457 947 2497 cum
975 2457 994 2497 u
1020 2457 1074 2513 per

10 2536 12 2545 '
59 2499 174 2585 llneam
201 2547 250 2602 ap.
297 2527 483 2597 Quadratum
506 2548 575 2588 vero
598 2529 675 2586 linec
699 2530 740 2587 bc
762 2532 862 2603 potest
885 2546 977 2602 supra
1000 2545 1073 2602 qna-

58 2591 183 2674 Qucum
215 2619 255 2692 bg
287 2616 450 2676 secundum
481 2618 663 2693 quadratum
691 2637 741 2693 up.
791 2616 976 2686 Quadratum
1004 2635 1073 2693 ergo

56 2693 111 2752 ab
131 2707 225 2764 totum
248 2710 293 2765 θεὴ
315 2706 423 2784 viginti
447 2706 586 2782 quinque,
609 2707 692 2765 cuius
715 2706 812 2780 radix,
837 2726 895 2786 quc
919 2708 965 2763 θεὴ
988 2706 1073 2781 quin-
1088 2718 1114 2757 2⁰

55 2787 133 2867 que,
146 2793 396 2855 incommunicans
415 2795 515 2853 existit
532 2795 626 2854 radici
644 2795 815 2870 quindecim
832 2794 864 2851 in
877 2794 1073 2871 longitudine,

49 2875 553 3050 illittlalllplltlt?
568 2883 980 3049 qtltululelllltt
1004 2902 1073 3048 ll

52 3049 112 3110 ab
132 3064 175 3120 θεὴ
196 3061 448 3120 incommunicans
473 3063 512 3135 dp
534 3063 565 3118 in
583 3062 777 3138 longitudine.
818 3060 976 3136 Proportio
996 3062 1075 3118 enim

53 3142 206 3208 quadrati
230 3152 271 3209 ab
294 3150 333 3208 ad
356 3150 537 3225 quadratum
560 3152 599 3224 tp
623 3154 668 3209 est
690 3152 768 3210 sieut
785 3151 939 3226 proportio
958 3149 1074 3207 numeri
1088 3158 1113 3200 25

53 3216 112 3288 ἀὲ
131 3238 167 3296 ad
188 3259 346 3298 numerum
367 3257 410 3298 ac.
448 3237 506 3296 Sed
528 3241 570 3298 cb
594 3239 792 3297 communicat
814 3241 853 3313 tp
876 3240 907 3296 in
929 3237 1073 3313 potentia,

55 3318 228 3386 ⁸⁸cundum
252 3328 331 3403 qnod
352 3328 506 3403 precessit,
530 3332 561 3386 et
583 3329 751 3405 seiungitur
774 3328 801 3386 ei
824 3329 855 3385 in
877 3324 1073 3403 longitudine,

58 3404 103 3464 θῒ
128 3417 166 3476 cb
193 3419 239 3476 θεὴ
264 3416 420 3475 rationalis
446 3416 479 3474 in
506 3417 691 3494 longitudine
720 3419 752 3474 θὴ
774 3419 813 3490 dp
835 3414 992 3474 rationalis
1015 3414 1046 3471 in
1067 3406 1072 3496 i

61 3493 279 3529 N*

141 3573 249 3624 16-17,
269 3569 312 3624 est
328 3567 491 3637 quindecim
510 3571 562 3626 est.
594 3545 597 3550 Ι
