2340 3834
381 188 430 243 AD
449 187 634 254 EUCLIDEM
652 189 718 244 LIB.
733 189 766 243 X.
964 204 969 211 ”
1005 188 1068 251 317

59 376 174 434 supra
191 357 258 416 duo
276 349 493 433 medialia1),
512 358 589 418 aicut
606 357 692 416 radix
710 359 782 433 eius,
796 358 875 434 quod
889 358 1072 436 aggregatur

60 466 97 506 ex
125 440 225 505 radice
252 449 319 506 octo
347 449 377 504 et
405 445 617 524 quadraginta,
647 465 713 505 cum
740 466 829 523 super
857 465 924 506 eam
954 445 1072 505 additur

61 534 147 594 radix
174 535 283 612 viginti
310 536 452 610 quatuor,
476 536 507 593 et
529 529 655 613 (radix)
679 555 713 594 ex
735 535 835 595 radice
858 539 924 595 octo
948 537 978 594 et
1001 554 1071 610 qua-

60 625 212 701 draginta,
235 642 302 682 cum
323 623 472 681 minuitur
494 643 529 681 ex
552 643 587 682 ea
610 624 694 682 radix
716 625 825 701 viginti
848 626 984 700 quatuor.

151 712 297 771 Revertar
321 713 418 789 igitur
444 711 482 771 ad
509 712 698 770 narrandum.
747 712 822 771 Dico
854 713 962 791 igitur,
994 712 1073 788 quod
1100 724 1112 765 5

63 801 154 862 surda
182 801 346 876 compositu
373 802 431 875 eet,
459 819 516 876 que
544 801 729 876 componitur
757 821 791 859 ex
818 800 932 860 duabus
955 802 1073 876 quanti-

63 890 176 950 tatibus
199 888 525 964 incommunieantibue,
549 907 622 965 quas
645 888 742 949 verbio
766 891 928 965 exprimere
950 908 1010 947 non
1030 892 1074 947 est

63 977 219 1056 possibile,
246 979 323 1037 sicut
350 977 476 1036 diximus
503 979 536 1036 in
561 979 708 1054 principio
733 981 890 1037 tractetur.
941 978 982 1035 Et
1007 979 1074 1052 ipsa

66 1068 186 1144 quidem
212 1068 245 1125 in
266 1069 327 1126 tres
350 1066 495 1125 dividitur
518 1069 634 1142 partes,
661 1085 787 1142 quarum
811 1085 927 1143 queque
950 1085 1020 1142 pars
1042 1067 1074 1123 in

65 1156 140 1216 duas
168 1174 287 1214 rursum
313 1154 502 1216 distribuitur
528 1158 637 1230 partes.
683 1155 760 1214 Sunt
782 1174 853 1233 ergo
876 1173 976 1213 omnes
1000 1155 1074 1212 divi-
1090 1171 1114 1210 ro

65 1248 163 1304 sionea
192 1263 255 1319 sex,
283 1263 342 1319 que
365 1247 436 1303 sunt
458 1261 509 1302 sex
530 1244 608 1302 linea
630 1244 828 1320 precedentes.
868 1244 970 1303 Prima
992 1263 1074 1302 nem·

68 1354 124 1410 que
148 1351 250 1392 aarum
273 1335 304 1391 et
327 1334 436 1408 quarta
459 1335 541 1407 sunt,
564 1336 599 1391 ut
622 1334 769 1408 quadrata
792 1351 893 1391 earum
917 1333 1075 1391 coniuncta

68 1424 127 1481 sint
149 1421 305 1496 rationale,
329 1424 359 1480 et
382 1439 430 1495 ea,
454 1440 512 1497 que
535 1422 703 1480 continetur
726 1422 763 1480 ab
786 1423 842 1496 oia,
865 1423 905 1481 sit
926 1420 1074 1493 medialis3

69 1511 196 1570 secunda
222 1529 293 1569 voro
320 1528 422 1568 earum
450 1513 480 1568 et
507 1511 613 1584 quinta
638 1513 720 1584 sunt,
746 1514 781 1570 ut
804 1510 952 1586 quadrata
974 1529 1075 1569 earum

71 1599 227 1658 coniuncta
255 1594 357 1675 (sint)
385 1597 524 1672 mediale,
552 1600 582 1656 et
610 1617 657 1674 ea,
686 1618 744 1675 que
773 1599 941 1659 continetur
964 1598 1001 1657 ab
1025 1599 1075 1673 eis,
1090 1610 1116 1652 ra

71 1688 108 1748 sit
129 1687 299 1761 rationalia,
322 1686 416 1746 tercia
439 1706 558 1762 quoque
582 1690 611 1745 et
635 1690 718 1747 sexta
741 1707 845 1746 earum
863 1691 939 1763 sunt,
962 1691 999 1746 ut
1016 1686 1077 1746 sint

70 1777 216 1851 quadrata
239 1795 342 1834 earum
364 1775 522 1835 coniuncta
544 1776 684 1851 mediale,
707 1779 738 1835 et
760 1796 804 1853 ea,
828 1796 886 1853 que
910 1777 1078 1836 continetur

72 1865 105 1924 ab
129 1865 185 1940 eis,
208 1865 248 1924 sit
270 1863 414 1923 medialis.

157 1953 247 2013 Volo
270 1952 431 2012 invenire
454 1952 649 2026 binomium
673 1952 888 2013 absolutum.

158 2040 290 2119 Signabo
312 2042 414 2116 itaque
438 2041 512 2100 duas
535 2041 629 2100 lineas
648 2043 679 2098 in
696 2042 832 2116 potentie
849 2044 968 2101 tantum
987 2043 1077 2102 ratio·
1092 2055 1118 2096 ro

73 2132 152 2191 naias
181 2135 212 2190 et
239 2129 488 2189 communicantes
516 2131 546 2188 ct
573 2130 757 2189 continentes
783 2130 923 2204 mediale,
951 2149 1096 2205 querum

71 2221 219 2294 quadrata
243 2219 402 2278 coniuncta
424 2221 494 2278 sunt
512 2217 667 2292 rationale,
691 2238 749 2293 que
768 2219 828 2277 sint
846 2221 887 2276 ub
906 2221 937 2277 et
959 2220 1006 2292 bp.
1039 2219 1079 2276 Et

228 2389 246 2442 9
295 2371 378 2424 radix
397 2377 453 2425 oete
501 2372 517 2425 b
623 2371 707 2424 radic
725 2376 761 2425 10
876 2388 895 2476 p

506 2548 894 2639 raa

796 2633 868 2640 -·——
883 2618 885 2651 Ι

783 2668 881 2693 -υ-ν
995 2689 997 2694 ,

708 2707 838 2762 radicclo
852 2709 952 2778 absque

749 2779 842 2833 radice
855 2785 912 2833 octo
986 2803 987 2806 ¹

61 2925 135 3005 ipse
163 2931 234 2986 sunt
261 2928 346 2986 radix
373 2928 472 2986 decem
499 2930 530 2986 et
556 2928 642 2985 radix
668 2931 742 2987 octo.
789 2927 865 2987 Oum
893 2948 962 3006 ergo
993 2927 1082 2987 simui

63 3017 304 3094 coniungrmtur,
322 3016 379 3074 crit
396 3015 561 3075 binomium
579 3016 755 3092 absolutum,
775 3016 856 3093 quod
874 3019 919 3075 est
937 3017 1016 3075 linea
1030 3033 1081 3090 up.

64 3104 159 3175 Quod
186 3125 220 3162 ex
248 3105 290 3164 ais
317 3105 410 3182 igitur
437 3108 618 3181 aggregatur
645 3108 691 3164 est
716 3104 879 3164 binomium
902 3104 1081 3180 absolutum,
1095 3114 1121 3156 2⁶

146 3296 170 3344 ὅ.
189 3291 371 3362 narrandum]
390 3289 511 3345 na'dum.
530 3321 565 3330 -
584 3296 608 3343 6.
629 3290 784 3359 compositi.
803 3323 838 3331 —
863 3296 903 3344 12.
923 3290 953 3344 in
971 3291 1083 3359 quarta.

72 3394 108 3403 -
127 3365 160 3416 ut
178 3365 286 3430 quarte.
306 3394 341 3401 —
363 3367 405 3415 14.
424 3359 534 3432 quinta]
554 3360 711 3415 coniuncta.

141 3559 168 3623 1)
184 3555 321 3609 Erre-rmus
341 3555 466 3612 eninm
484 3559 519 3630 X,
540 3565 576 3615 35
595 3558 763 3632 (Hammon
774 3556 822 3626 X,
837 3556 899 3622 tii.
