2340 3834
95 117 161 182 252
379 116 545 170 examin
562 113 822 170 commu

95 306 153 362 qne
180 285 350 344 continetur
376 284 414 343 ab
441 304 484 359 aq
510 288 541 342 et
564 286 621 358 qb,
647 303 740 359 supra
760 283 950 360 superficiem
971 283 1162 358 equaletzn

96 375 188 449 duplo
211 376 284 448 eius,
307 394 365 449 que
387 375 556 432 continetur
577 372 616 430 ab
638 375 683 431 ud
705 377 737 430 et
758 375 811 431 db.
856 373 899 430 Et
920 372 1012 430 etiam
1031 372 1157 447 qnia

95 462 266 538 superficies
289 465 323 535 ts
340 466 386 520 est
407 463 589 537 superfluum
611 460 779 536 superficiei
801 457 1151 539 es<supra>supe1-

94 552 191 610 ficiem
217 570 266 627 se,
294 558 324 608 et
350 550 518 626 superficies
546 552 584 623 ef
603 553 649 608 est
671 551 787 624 equalis
809 550 1011 609 coniunctioni
1032 549 1148 606 duo-

68 656 162 698 ernm
189 640 404 715 quadratorum
426 658 469 714 ny
491 643 522 697 et
541 641 597 713 yb,
619 642 651 695 et
671 638 844 713 superficies
866 657 903 698 ea
923 642 971 696 est
992 633 1144 713 equalis

96 730 296 789 coniunctioni
322 729 448 789 duorum
470 728 684 803 quadratorum
706 728 751 785 ud
773 732 805 784 et
825 729 883 786 db:
910 747 982 804 ergo
1004 740 1143 802 super

95 819 189 876 fluum
212 818 426 878 coniunctionis
446 817 571 876 dnomm
589 815 804 891 quadratorum
821 834 865 890 ny
884 811 889 893 Ι
910 820 941 874 et
956 817 998 890 qb
1015 806 1168 890 supral

96 907 155 966 duo
177 908 325 982 quadrata
347 909 392 966 ad
414 909 444 964 et
465 907 509 964 db
531 909 577 963 est
599 905 705 980 equale
727 904 879 980 superfluo
902 904 989 979 dupli
1005 916 1141 979 super·

95 996 185 1071 ficiei,
212 1016 271 1072 que
298 996 467 1054 continetur
492 1013 512 1051 a
537 994 624 1051 lineis
651 1011 694 1067 ay
725 996 756 1050 et
780 995 836 1067 qb,
863 1011 956 1068 supra
982 993 1141 1066 duplm

56 1101 84 1139 ιο
96 1084 272 1161 superficiei,
294 1104 351 1161 que
374 1084 543 1142 continetur
564 1101 583 1139 a
605 1082 692 1139 lineis
714 1083 760 1140 ud
781 1085 814 1139 et
830 1084 887 1154 de,
911 1083 942 1138 et
958 1081 1033 1139 illud
1049 1076 1141 1144 esi,

97 1175 178 1250 quod
200 1175 402 1233 demonstrare
424 1162 613 1250 voluimus¹)

143 1434 238 1522 teum
260 1437 443 1514 quantitates
466 1436 505 1494 ad
526 1436 654 1494 invicem
676 1440 900 1511 comparantur,
922 1436 982 1494 alie
1004 1420 1168 1494 eomnl

97 1532 168 1588 sunt
190 1524 505 1600 communicantes,
528 1525 586 1582 alie
609 1525 963 1583 incommunicantes.

185 1613 494 1673 communicantes
525 1616 610 1687 sunt,
643 1613 750 1688 quibus
781 1633 844 1671 una
876 1613 1028 1688 quantitas
1056 1612 1140 1668 in·

57 1705 216 1764 iuvenitur
237 1701 410 1775 communis,
432 1720 490 1776 qne
512 1701 675 1760 communis
698 1720 801 1760 earum
818 1720 890 1777 pars
909 1702 1035 1760 existens
1051 1706 1141 1758 eas

96 1810 197 1851 omnes
209 1790 342 1862 metitur,
355 1789 602 1865 quemadmodum
619 1790 652 1847 in
671 1790 903 1865 quantitatibus,
921 1809 979 1867 que
992 1800 1142 1866 ponun·

95 1884 146 1937 tur
167 1878 297 1951 numeri,
319 1881 453 1953 apparet.

185 1966 376 2037 Quantitates
399 1986 517 2042 quoque
539 1967 742 2026 rationales
760 1971 841 2041 sunt,
859 1986 936 2042 quas
955 1985 1016 2025 una
1032 1963 1144 2023 not-²

96 2057 249 2133 quantitas
270 2056 400 2115 metitur.
444 2055 512 2131 Ipse
535 2075 606 2133 ergo
628 2060 700 2115 sunt
721 2056 983 2115 communicantes.

56 2160 83 2201 ao
185 2144 373 2221 Quapropter
390 2163 490 2203 omnes
508 2145 565 2203 due
580 2145 764 2220 quantitates
781 2145 1034 2204 communicantes
1048 2128 1146 2200 aul

96 2239 167 2295 eunt
192 2235 367 2309 rationales,
394 2236 449 2291 aut
475 2236 545 2292 sunt
571 2233 672 2306 surde,
700 2236 732 2291 et
757 2252 854 2308 neque
881 2233 1038 2310 contingit,
1063 2216 1146 2285 ul

96 2343 158 2382 una
184 2342 288 2382 earum
315 2323 355 2380 sit
381 2322 471 2380 surda
498 2323 648 2380 etaltera
669 2321 839 2396 rationalis,
862 2322 1006 2398 quoniam
1026 2317 1148 2377 infer

97 2412 218 2470 surdam
231 2407 304 2490 (et)
318 2411 496 2469 rationalem
513 2430 573 2469 non
590 2413 637 2469 est
652 2410 849 2469 communitas
862 2410 895 2467 in
908 2408 1148 2488 longitndine·

185 2499 533 2558 Incommunicantes
556 2502 657 2557 autem
679 2497 865 2573 quantitates
887 2502 973 2572 sunt,
998 2493 1149 2573 quibu-S

57 2601 83 2642 ae
96 2607 157 2647 non
191 2587 345 2645 invenitur
380 2588 533 2661 quantitas
565 2605 625 2645 una
656 2587 832 2660 communis,
863 2605 1022 2646 numerans
1050 2580 1150 2663 09}

97 2695 198 2736 omnes
225 2677 304 2734 sicut
329 2694 520 2734 numerorum
546 2676 673 2751 radices,
700 2675 754 2751 qui
780 2695 841 2735 non
863 2679 936 2733 sunt
958 2671 1153 2750 quadram

97 2786 166 2826 cum
192 2765 231 2824 ad
257 2783 395 2822 numeros
423 2769 641 2840 comparantur.
686 2761 790 2823 Omnis
815 2763 896 2821 enim
919 2759 1152 2840 quantitatifiv

97 2875 154 2932 que
167 2854 288 2930 ponitur
301 2872 440 2911 numerus
457 2854 537 2911 inter
551 2852 701 2928 quoslibet
718 2853 792 2912 duos
809 2871 948 2912 numeros
967 2845 1153 2912 eontnffl

95 3131 136 3186 fin
169 3057 375 3183 1)h}li)ctprima
392 3073 458 3181 pag
476 3055 569 3178 huiusf
579 3056 773 3181 czrenmentarii
793 3055 824 3108 in
843 3056 986 3180 ‹deiqlinrufliuqur¹
1001 3047 1151 3174 libzi}

96 3147 223 3258 coitum
241 3145 384 3267 ,affe
395 3143 904 3280 aaafeaasttt
921 3143 1036 3267 negt
1050 3174 1147 3243 ωε

96 3274 251 3344 sequuntur
264 3287 306 3338 ea,
320 3285 394 3338 quae
407 3269 480 3322 l1br0
489 3285 564 3322 nono
575 3285 634 3322 ram
643 3268 813 3335 addidimus,
827 3269 1005 3324 theoremata
1013 3264 1052 3327 IX,
1066 3250 1144 3306 13

13 3362 22 3387 -·
96 3348 126 3401 et
141 3344 189 3414 IX,
209 3349 251 3397 39.
288 3340 415 3395 Alteram
436 3342 545 3409 partem
568 3339 761 3393 commentarii
779 3339 882 3393 Arabis
907 3355 969 3394 esse
987 3350 1050 3408 opus
1098 3317 1143 3368 ‘l

95 3417 186 3474 forma
204 3411 336 3468 dictionis
355 3443 389 3452 —
407 3413 450 3478 „si
468 3413 534 3465 dem
550 3411 693 3478 coluent‘,
711 3413 744 3464 ut
761 3409 922 3479 exemplum
940 3409 1051 3464 afferam
1083 3415 1138 3432 Ι

86 3492 119 3546 et
131 3503 320 3546 numerorum
338 3485 368 3541 et
386 3482 522 3556 algebrae
539 3498 609 3536 usus
627 3481 704 3535 clare
721 3480 854 3534 oemunt
