2316 3840
222 244 226 253 ,
343 175 393 230 ao
411 175 596 230 nummum
613 176 728 231 amu.
972 177 1033 241 101

124 343 281 404 Secundum
309 345 554 420 compositionem
581 364 650 404 vero
678 344 819 420 incipiam
847 364 866 403 a
892 346 970 420 loco,
999 344 1037 402 ad

65 449 122 503 quem
140 453 202 492 cum
223 433 405 492 resolutione
427 434 557 509 perveni.
608 432 684 502 Quia
711 434 910 510 quadruplum
937 454 1036 509 super-

64 517 119 596 ficiei,
139 542 191 598 que
209 522 380 582 continetur
398 541 416 581 a
435 522 547 582 duabus
566 522 652 581 lineis
671 525 721 597 ab,
740 524 788 596 by,
806 542 872 581 cum
891 523 1036 599 quadrato
1079 514 1083 522 ’

62 605 168 686 trecop
190 613 318 688 equatur
340 611 430 686 duplo
453 610 628 686 superficiei,
652 630 707 686 que
731 613 899 671 continetur
922 631 940 670 a
966 613 1036 670 dua·

9 699 12 733 ³
62 693 96 756 bus
112 700 189 760 lincis
213 702 266 776 ab,
289 702 337 775 by,
360 718 427 758 cum
450 699 565 759 dnobus
590 699 744 775 quadratis
763 701 851 760 factis
870 720 906 759 ex
924 701 1037 759 duabus
1065 713 1077 750 5

9 789 11 801 ¹
62 781 118 848 lincis
137 792 185 866 ab,
209 791 264 849 bd:
288 809 358 866 ergo
381 807 448 847 cum
466 789 677 864 sumpserimus
698 790 763 849 loco
783 791 956 865 superficiei,
981 809 1037 865 que

9 965 511 1048 ²cb‚9
931 995 949 1057 oc

125 1048 508 1084 c—--c--——«c

61 1180 194 1239 continetur
217 1200 236 1240 a
258 1180 372 1240 duabus
390 1181 477 1240 lineis
500 1182 550 1254 ob,
574 1181 622 1253 by,
645 1198 712 1238 cum
732 1179 877 1255 quadrato
896 1180 973 1237 linee
997 1198 1039 1253 oy

15 1264 16 1269 ’
61 1268 264 1329 coniunctionem
287 1270 412 1330 duorum
436 1270 661 1344 quadratorum,
689 1289 746 1344 que
769 1268 845 1326 fiunt
868 1288 903 1327 ex
926 1269 1038 1327 duabus

60 1348 117 1417 lincis
128 1361 176 1434 ab,
196 1361 244 1433 by,
263 1362 293 1417 et
312 1358 510 1419 addiderimus
530 1376 596 1415 eam
614 1377 704 1434 supra
725 1359 848 1433 duplum
866 1356 1039 1432 superficiei,

61 1457 96 1514 que
114 1449 277 1507 continetur
300 1467 318 1505 a
341 1448 453 1507 duabus
477 1447 564 1506 lineis
587 1449 638 1521 ab,
661 1449 720 1521 by,
737 1447 794 1505 erit
819 1451 891 1505 tunc
916 1446 1039 1521 duplum
1054 1460 1078 1497 1⁰

59 1536 204 1610 superficiei,
232 1555 290 1612 que
318 1537 487 1595 continetur
514 1556 531 1594 a
560 1536 673 1595 duabus
701 1536 787 1595 lincis
815 1537 865 1609 ab,
893 1536 941 1609 by,
974 1553 1039 1592 cum

9 1628 12 1656 ³
59 1615 141 1684 duobus
168 1625 323 1702 quadratis
352 1625 440 1684 factis
468 1645 504 1683 ex
534 1625 647 1684 duabus
674 1624 761 1684 lineis
789 1627 839 1699 ab,
867 1627 906 1698 by
934 1624 1039 1700 equale

9 1705 15 1743 ²
59 1711 194 1790 quadruplo
218 1713 398 1789 superficiei,
421 1734 477 1789 que
502 1714 670 1772 continetur
697 1731 715 1770 a
739 1714 851 1773 duabus
874 1713 961 1773 lineis
985 1714 1039 1787 ub,

9 1806 13 1830 ³
59 1792 89 1872 ic,
106 1821 166 1861 cum
189 1803 336 1878 quadrato
359 1805 439 1861 facto
464 1823 498 1861 ex
520 1803 600 1860 linea
624 1821 672 1876 ay.
724 1801 808 1871 Quod
830 1800 972 1879 „equale“
995 1805 1040 1862 est

57 1890 219 1951 mauresium
252 1911 287 1949 ex
318 1891 493 1967 probatione
525 1890 619 1968 figure
657 1892 780 1966 septime
817 1891 903 1952 huius
936 1892 1038 1968 partis.
1055 1904 1080 1942 15

9 1973 10 1978 ’
33 2022 37 2033 .
58 1967 96 2034 Sed
112 1975 189 2039 linea
205 1982 247 2054 pb
267 1982 313 2040 est
331 1980 446 2055 equalis
464 1981 542 2038 linea
562 1981 611 2054 bd,
636 1999 705 2056 ergo
725 1980 848 2055 duplum
866 1981 1040 2056 superficiei,

10 2064 12 2073 λ
58 2077 94 2134 [1110
111 2070 276 2129 continetur
299 2087 317 2129 a
340 2068 453 2128 duabus
476 2068 562 2128 lineis
590 2070 641 2142 ob,
665 2069 713 2141 by,
741 2088 807 2126 cum
834 2069 1039 2128 coniunctione

57 2145 151 2217 duorum
174 2158 401 2234 quadratorum,
431 2177 487 2233 que
509 2157 585 2214 fiunt
609 2177 644 2215 ex
668 2156 781 2216 duabus
805 2157 890 2216 lineis
919 2158 968 2231 ab,
992 2159 1039 2230 by,

58 2231 112 2310 [tum
132 2247 279 2324 quadrato
302 2247 379 2305 linee
402 2244 456 2323 oy]
481 2250 526 2305 est
549 2247 653 2321 equale
677 2246 767 2320 duplo
786 2245 959 2320 superficiei,
983 2264 1039 2319 que
1083 2308 1086 2313 ,

57 2333 193 2395 contuetur
217 2355 235 2393 a
258 2335 372 2395 duabus
395 2335 483 2395 lineis
506 2336 556 2408 ab,
579 2336 629 2408 bd,
653 2353 719 2392 cum
740 2333 945 2393 coniunctione
969 2333 1039 2392 duo·
1054 2347 1079 2384 20

55 2429 99 2478 mm
117 2426 337 2502 quadratorum,
361 2445 417 2500 que
436 2424 512 2482 fiunt
530 2443 565 2482 ex
584 2423 697 2483 duabus
715 2423 802 2482 lineis
821 2425 871 2498 ab,
895 2425 943 2482 bd.
982 2421 1040 2480 Sed

56 2513 184 2573 cundum
221 2514 429 2590 probationem
465 2513 558 2590 figure
596 2515 701 2587 quarte
736 2512 823 2571 huius
855 2512 951 2587 partis
983 2512 1041 2570 erit

56 2588 148 2672 duplum
166 2602 342 2679 superficiei,
366 2622 422 2678 que
442 2603 610 2661 continetur
633 2620 651 2658 a
670 2602 783 2660 duabus
806 2602 893 2660 lineis
917 2604 967 2675 ab,
990 2601 1039 2674 bd,

58 2695 102 2745 tun
119 2691 322 2751 coniunctione
346 2692 471 2749 duorum
495 2691 717 2766 quadratorum,
742 2711 797 2766 que
816 2691 892 2748 fiunt
916 2711 950 2748 ex
969 2690 1039 2747 dua-

9 2771 11 2802 ³
57 2763 93 2833 bus
116 2780 198 2841 lineis
231 2782 282 2856 ab,
311 2781 361 2856 od,
389 2780 494 2855 equale
523 2780 669 2855 quadrato
699 2779 779 2838 facto
809 2800 843 2838 en
874 2779 955 2838 linea
982 2779 1038 2837 ad:
1054 2790 1078 2829 25

58 2872 103 2954 trgo
130 2869 327 2945 quadruplum
358 2868 536 2944 superficiei,
573 2887 630 2944 que
667 2869 834 2927 continetur
871 2887 889 2925 a
926 2867 1038 2925 duabus

58 2941 117 3015 hncis
138 2962 184 3035 ab,
209 2960 259 3033 bd,
284 2977 350 3015 cum
369 2957 515 3033 quadrato
538 2957 618 3016 facto
643 2976 677 3014 ex
699 2958 779 3015 linea
802 2976 844 3031 qq
867 2960 912 3016 est
936 2956 1039 3032 equale

60 3087 238 3114 &w

60 3183 125 3306 emp.
146 3182 292 3252 quadratu.
317 3214 351 3222 -
376 3187 416 3235 19.
442 3183 484 3235 est
502 3179 603 3248 equale
622 3179 707 3249 duplo
727 3182 850 3235 iteratur.
876 3212 909 3219 -
934 3184 976 3233 25.
997 3181 1040 3232 est

117 3265 136 3305 e,
308 3276 310 3282 ,

63 3363 238 3391 g—

63 3443 101 3516 li?
116 3467 150 3518 cst
165 3455 626 3537 dt²†dp²=2ob·bp†ci'p²,
646 3480 712 3535 ergo
727 3464 781 3518 erit
799 3453 1037 3530 cid²=4cecq

64 3537 455 3626 tu‘,v01,qaucp=cd,
480 3543 803 3626 Jc²=caccu÷
819 3552 889 3627 cup.
