2340 3834
346 164 349 171 ’
381 163 431 218 AD
449 163 632 219 EUCLLDEM
649 164 715 219 LIB.
729 164 750 220 I.
1045 164 1066 228 5

151 331 236 390 Dixit
250 332 421 392 Euonmns:
437 333 505 392 Dae
519 336 705 392 extremitates
719 334 791 393 tinec
801 335 870 392 sant
881 333 938 391 dae
947 336 1065 406 praeta.

152 419 249 498 Supra
271 422 325 479 hoc
349 420 578 481 Sanmnmcfflus
601 423 687 481 dixit:
714 422 782 481 Non
804 421 878 480 dixit
900 420 1066 496 Eucnmns,

66 509 145 584 quod
172 509 298 586 quilibet
328 511 407 568 linea
434 511 475 568 sit
500 510 586 569 finita
612 511 737 586 punctis.
785 510 969 586 Impossibile
995 513 1067 568 tunc

66 601 118 673 est,
140 599 221 675 quod
243 598 283 657 sit
304 599 383 656 linea
408 599 534 657 infinita.
582 600 651 658 Non
677 603 776 658 tamen
802 599 931 657 iudicare
959 598 994 656 de
1021 599 1067 656 his

64 686 160 746 verbis
184 688 293 746 attinet
315 689 482 764 geometris,
504 689 577 764 quia
598 689 654 747 hoc
675 691 793 747 tantum
814 689 957 765 magistro
980 689 1066 745 natu·
1094 705 1106 746 5

62 776 135 834 ralis
155 776 277 835 scientie
296 776 442 835 convenit.
480 775 634 836 Geometre
647 780 746 835 tamen
760 777 936 853 quandoque
953 779 1068 852 ponunt

61 865 156 924 lineas
180 883 242 923 esse
265 863 405 938 infinitas,
427 866 506 923 linea
529 885 645 941 quoque
673 866 845 924 circonfiexa
872 869 916 924 est
943 865 1067 923 infinita.

61 953 223 1012 Eucnmns
251 956 352 1011 autem
374 954 470 1012 noluit
496 955 661 1031 intelligere
687 954 757 1030 nisi,
781 955 860 1030 quod
886 954 963 1011 linee
985 954 1067 1011 finite

60 1041 208 1100 finiuntur
225 1042 350 1117 punctis,
371 1042 619 1117 quemadmodum
637 1043 803 1118 superficies
817 1042 960 1100 finiuntur
973 1043 1068 1117 lineis,

63 1133 107 1205 et,
132 1133 168 1188 ut
191 1131 309 1188 omnino
333 1130 442 1205 dicam,
469 1131 546 1189 siout
568 1131 669 1189 finitur
696 1150 780 1189 omne
802 1130 889 1205 illud,
917 1130 997 1206 quod
1024 1134 1108 1189 est1o

60 1218 153 1277 unius
172 1220 297 1296 generis,
318 1220 428 1294 perid,
453 1220 530 1295 quod
549 1223 594 1278 est
616 1221 713 1278 minus
731 1221 783 1278 illo
801 1218 961 1278 secundum
978 1238 1070 1277 unam

61 1307 284 1366 dimensionem.
332 1308 373 1366 Et
399 1326 459 1366 non
485 1307 560 1366 dixit
585 1309 641 1367 hoc
671 1309 729 1368 uisi
759 1311 880 1385 propter
910 1309 1070 1365 sectionem

62 1396 268 1471 quantitatum
291 1399 321 1454 et
343 1415 446 1454 eorum
469 1399 668 1474 augmentum.
712 1397 776 1456 Hoc
799 1400 855 1472 est,
883 1396 976 1472 quod,
1003 1414 1068 1453 cum

61 1485 177 1543 fuerint
199 1485 272 1542 fines
294 1485 441 1543 linearum
462 1489 583 1561 puncta,
604 1486 794 1546 manifestum
817 1489 869 1560 est,
892 1485 979 1561 quod,
1002 1503 1070 1542 cum

61 1577 209 1649 punctum
228 1573 362 1632 diviserit
379 1573 497 1647 lineam,
519 1593 579 1632 non
596 1574 729 1634 inveniat
746 1594 780 1632 ex
799 1594 832 1632 00
851 1573 1069 1648 dimensionem,
1083 1591 1109 1632 15

64 1666 97 1720 et
119 1663 210 1720 etiam
229 1662 318 1738 quod,
341 1657 407 1740 <01>
426 1663 502 1720 linee
525 1681 587 1722 sese
606 1665 780 1741 contingant
797 1664 828 1721 in
845 1665 973 1738 punctis,
995 1662 1070 1720 nihil

63 1751 218 1828 augmenti
241 1770 276 1809 ex
298 1751 350 1810 illo
374 1754 513 1810 contactu
534 1752 690 1827 recipiunt.
737 1750 890 1811 Geometre
909 1771 978 1810 vero
1001 1771 1068 1826 pro-

61 1839 174 1898 bantur
195 1840 286 1898 verba
308 1839 379 1897 ista:
403 1838 608 1915 „recipiunt
631 1843 665 1898 et
687 1838 932 1918 contingunt“.

151 1929 237 1987 Dixit
259 1929 431 1987 ducamus:
453 1929 550 1988 Istaec
571 1933 715 1998 recteest,
739 1947 792 2003 que
815 1934 856 1989 est
866 1931 965 2003 posito
982 1945 1071 2003 saper

63 2018 176 2091 equote,
204 2018 280 2091 qood
307 2021 348 2077 est
372 2019 448 2076 tuter
474 2020 571 2076 comto
602 2019 659 2077 doc
681 2023 793 2092 porteto
825 2019 956 2078 coeteatio
982 2034 1071 2091 saper
1083 2035 1109 2075 10

60 2109 166 2180 ipsura
216 2105 262 2164 Ac
289 2106 314 2163 si
340 2106 431 2164 vellet
457 2106 552 2164 dicere
584 2106 672 2180 illud,
695 2107 775 2182 quod
795 2099 1002 2187 1111111110οῙ)
1025 2107 1068 2163 in-

62 2193 192 2269 tellexit,
225 2195 280 2254 hoc
312 2197 369 2253 est:
400 2193 543 2254 brevior
570 2195 757 2271 dimensio,
789 2214 855 2271 que
884 2195 1070 2271 contingit

61 2283 169 2358 illud,
194 2282 288 2359 quod
311 2286 364 2342 est
386 2283 572 2342 interduo
594 2287 736 2359 puncta.

154 2370 250 2447 Supra
272 2372 327 2432 hoc
355 2370 597 2431 Sensumoums:
624 2373 782 2432 Eudamus
809 2373 875 2432 vult
904 2371 1069 2447 intelligere

62 2479 130 2520 cum
154 2460 263 2519 dicere:
292 2479 380 2535 „que
409 2465 462 2519 est
489 2455 631 2536 <posita
658 2457 785 2538 super>
808 2460 947 2536 equale,
977 2459 1109 2535 quodie

62 2551 118 2608 est
141 2550 236 2607 inter
259 2549 375 2607 omnia
402 2549 470 2608 duo
497 2548 662 2624 puncta,“
690 2550 912 2624 dimensionem,
940 2568 997 2624 que
1025 2551 1070 2606 est

60 2639 140 2696 inter
159 2637 219 2696 duo
236 2641 348 2713 puncta
366 2636 493 2695 duarum
512 2638 731 2696 extremitatum
748 2657 877 2714 suarum,
900 2638 980 2714 quia,
1003 2655 1070 2695 cum

62 2745 116 2786 nos
139 2725 326 2802 posuerimus
349 2726 407 2785 duo
429 2728 550 2801 puncta,
573 2747 630 2802 que
653 2729 724 2785 sunt
746 2726 823 2786 sicut
840 2729 916 2785 linee
935 2727 1069 2784 extremi-

62 2819 140 2874 tates
171 2811 243 2892 (non
267 2814 345 2872 enim
368 2814 508 2873 diffinivit
531 2815 639 2875 inhoc
661 2816 725 2873 1000
748 2812 846 2892 (nisi)
869 2807 1012 2894 finitam),
1040 2817 1070 2872 et

62 2903 224 2979 accipimus
247 2903 466 2978 dimensionem,
489 2922 547 2978 que
570 2907 615 2962 est
637 2905 715 2962 inter
738 2922 779 2962 ea.
816 2904 880 2963 Hoc
899 2905 924 2962 si
941 2904 1071 2979 positum
1084 2924 1111 2962 eo

63 2996 149 3068 esset,
171 2992 282 3050 lineam
304 3009 364 3049 uon
387 3010 449 3051 0000
471 2992 549 3050 inter
572 3011 616 3067 ea,
640 2993 696 3050 erit
717 2992 769 3050 illa
793 2992 933 3050 dimensio
957 2992 1070 3067 equalis

61 3082 149 3157 linee,
173 3081 257 3139 cuius
279 3079 333 3137 11111
355 3083 468 3156 puncta
491 3084 562 3139 sunt
585 3081 793 3140 extremitates.
835 3080 867 3138 Si
885 3081 963 3138 enim
981 3080 1069 3139 velle-

60 3189 126 3228 mus
144 3187 316 3228 mensurare
334 3169 538 3244 dimensiones
557 3190 615 3245 que
634 3173 704 3229 sunt
718 3170 796 3228 inter
813 3170 940 3245 quedam
958 3172 1070 3244 puncta

61 3262 92 3318 et
115 3258 191 3333 alia,
219 3277 286 3316 cum
308 3259 387 3316 linea
409 3277 627 3333 mensuremus,
654 3278 722 3318 cum
742 3258 870 3318 breviori
893 3259 983 3333 linea,
1012 3277 1069 3332 que

62 3351 107 3406 est
129 3347 248 3407 brevior
269 3346 333 3424 viis,
357 3365 416 3422 que
439 3349 508 3405 sunt
530 3348 608 3405 inter
629 3366 676 3406 res
700 3352 860 3424 separatae,
887 3366 982 3422 neque
1010 3365 1069 3403 me·
1083 3365 1109 3405 aa

134 3536 161 3605 1)
179 3534 329 3588 simmae
344 3559 376 3580 ει
392 3533 574 3587 heminas.
