<?xml version="1.0" encoding="UTF-8"?>
<!DOCTYPE html PUBLIC "-//W3C//DTD XHTML 1.0 Transitional//EN"
    "http://www.w3.org/TR/xhtml1/DTD/xhtml1-transitional.dtd">
<html xmlns="http://www.w3.org/1999/xhtml" xml:lang="en" lang="en">
 <head>
  <title>
</title>
<meta http-equiv="Content-Type" content="text/html;charset=utf-8" />
  <meta name='ocr-system' content='tesseract 3.04.00' />
  <meta name='ocr-capabilities' content='ocr_page ocr_carea ocr_par ocr_line ocrx_word'/>
</head>
<body>
  <div class='ocr_page' id='page_1' title='image "./euclidisoperaom14unkngoog_0288.png"; bbox 0 0 2340 3834; ppageno 0'>
   <div class='ocr_carea' id='block_1_1' title="bbox 395 169 1079 234">
    <p class='ocr_par' dir='ltr' id='par_1_1' title="bbox 395 169 1079 234">
     <span class='ocr_line' id='line_1_1' title="bbox 395 169 1079 234; baseline -0.003 -10"><span class='ocrx_word' id='word_1_1' title='bbox 395 171 445 224; x_wconf 85' lang='lat' dir='ltr'>AD</span> <span class='ocrx_word' id='word_1_2' title='bbox 463 169 648 225; x_wconf 83' lang='lat' dir='ltr'><strong>EUOLIDEM</strong></span> <span class='ocrx_word' id='word_1_3' title='bbox 666 171 732 225; x_wconf 88' lang='lat' dir='ltr'>LIB.</span> <span class='ocrx_word' id='word_1_4' title='bbox 747 170 780 226; x_wconf 87' lang='lat' dir='ltr'>X.</span> <span class='ocrx_word' id='word_1_5' title='bbox 1016 171 1079 234; x_wconf 83' lang='lat'>251</span> 
     </span>
    </p>
   </div>
   <div class='ocr_carea' id='block_1_2' title="bbox 52 338 1081 510">
    <p class='ocr_par' dir='ltr' id='par_1_2' title="bbox 52 338 1081 510">
     <span class='ocr_line' id='line_1_2' title="bbox 54 338 1081 415; baseline -0.001 -18"><span class='ocrx_word' id='word_1_6' title='bbox 54 341 102 413; x_wconf 79' lang='lat' dir='ltr'>fh</span> <span class='ocrx_word' id='word_1_7' title='bbox 129 339 238 415; x_wconf 88' lang='lat' dir='ltr'>equale</span> <span class='ocrx_word' id='word_1_8' title='bbox 261 339 351 415; x_wconf 92' lang='lat' dir='ltr'>duplo</span> <span class='ocrx_word' id='word_1_9' title='bbox 373 338 547 415; x_wconf 84' lang='lat' dir='ltr'>superficiei,</span> <span class='ocrx_word' id='word_1_10' title='bbox 572 360 630 415; x_wconf 91' lang='lat' dir='ltr'>que</span> <span class='ocrx_word' id='word_1_11' title='bbox 654 340 823 398; x_wconf 77' lang='lat' dir='ltr'><strong>continetur</strong></span> <span class='ocrx_word' id='word_1_12' title='bbox 846 358 863 397; x_wconf 87' lang='lat' dir='ltr'>a</span> <span class='ocrx_word' id='word_1_13' title='bbox 886 338 971 397; x_wconf 89' lang='lat' dir='ltr'>lineis</span> <span class='ocrx_word' id='word_1_14' title='bbox 991 342 1081 411; x_wconf 74' lang='lat' dir='ltr'>up&#39;et</span> 
     </span>
     <span class='ocr_line' id='line_1_3' title="bbox 52 427 1081 510; baseline -0.003 -23"><span class='ocrx_word' id='word_1_15' title='bbox 52 431 121 503; x_wconf 75' lang='lat' dir='ltr'>yb:</span> <span class='ocrx_word' id='word_1_16' title='bbox 146 427 312 486; x_wconf 79' lang='lat' dir='ltr'>remanebit</span> <span class='ocrx_word' id='word_1_17' title='bbox 335 447 404 510; x_wconf 86' lang='lat' dir='ltr'>ergo</span> <span class='ocrx_word' id='word_1_18' title='bbox 427 429 610 504; x_wconf 86' lang='lat' dir='ltr'>quadratum</span> <span class='ocrx_word' id='word_1_19' title='bbox 632 428 709 487; x_wconf 91' lang='lat' dir='ltr'>linee</span> <span class='ocrx_word' id='word_1_20' title='bbox 732 431 774 487; x_wconf 87' lang='lat' dir='ltr'>ob</span> <span class='ocrx_word' id='word_1_21' title='bbox 793 429 898 504; x_wconf 90' lang='lat' dir='ltr'>equale</span> <span class='ocrx_word' id='word_1_22' title='bbox 918 427 1081 503; x_wconf 89' lang='lat' dir='ltr'>superficiei</span> 
     </span>
    </p>
   </div>
   <div class='ocr_carea' id='block_1_3' title="bbox 55 515 1120 862">
    <p class='ocr_par' dir='ltr' id='par_1_3' title="bbox 55 515 1120 862">
     <span class='ocr_line' id='line_1_4' title="bbox 57 515 1081 593; baseline -0.002 -17"><span class='ocrx_word' id='word_1_23' title='bbox 57 522 103 577; x_wconf 78' lang='lat' dir='ltr'>et.</span> <span class='ocrx_word' id='word_1_24' title='bbox 156 515 202 575; x_wconf 82' lang='lat' dir='ltr'>Sit</span> <span class='ocrx_word' id='word_1_25' title='bbox 229 517 320 575; x_wconf 88' lang='lat' dir='ltr'>etiam</span> <span class='ocrx_word' id='word_1_26' title='bbox 343 518 512 593; x_wconf 89' lang='lat' dir='ltr'>superficies</span> <span class='ocrx_word' id='word_1_27' title='bbox 536 535 571 576; x_wconf 76' lang='lat' dir='ltr'>cr</span> <span class='ocrx_word' id='word_1_28' title='bbox 593 517 708 592; x_wconf 80' lang='lat' dir='ltr'>equalis</span> <span class='ocrx_word' id='word_1_29' title='bbox 732 517 932 576; x_wconf 88' lang='lat' dir='ltr'>coniunctioni</span> <span class='ocrx_word' id='word_1_30' title='bbox 955 516 1081 574; x_wconf 91' lang='lat' dir='ltr'>duorum</span> 
     </span>
     <span class='ocr_line' id='line_1_5' title="bbox 57 605 1081 682; baseline -0.002 -18"><span class='ocrx_word' id='word_1_31' title='bbox 57 605 288 682; x_wconf 77' lang='lat' dir='ltr'>quadratorum</span> <span class='ocrx_word' id='word_1_32' title='bbox 319 607 363 665; x_wconf 88' lang='lat' dir='ltr'>ad</span> <span class='ocrx_word' id='word_1_33' title='bbox 390 609 420 665; x_wconf 95' lang='lat' dir='ltr'>et</span> <span class='ocrx_word' id='word_1_34' title='bbox 447 608 502 665; x_wconf 83' lang='lat' dir='ltr'>db:</span> <span class='ocrx_word' id='word_1_35' title='bbox 533 606 699 664; x_wconf 73' lang='lat' dir='ltr'>remanebit</span> <span class='ocrx_word' id='word_1_36' title='bbox 728 606 822 682; x_wconf 87' lang='lat' dir='ltr'>igitur</span> <span class='ocrx_word' id='word_1_37' title='bbox 848 605 1015 681; x_wconf 87' lang='lat' dir='ltr'>superficies</span> <span class='ocrx_word' id='word_1_38' title='bbox 1042 606 1081 664; x_wconf 76' lang='lat' dir='ltr'>ele</span> 
     </span>
     <span class='ocr_line' id='line_1_6' title="bbox 55 694 1120 770; baseline -0.001 -16"><span class='ocrx_word' id='word_1_39' title='bbox 55 695 187 770; x_wconf 88' lang='lat' dir='ltr'>equalis</span> <span class='ocrx_word' id='word_1_40' title='bbox 206 695 297 770; x_wconf 92' lang='lat' dir='ltr'>duplo</span> <span class='ocrx_word' id='word_1_41' title='bbox 317 695 491 770; x_wconf 88' lang='lat' dir='ltr'>superficiei,</span> <span class='ocrx_word' id='word_1_42' title='bbox 514 714 571 770; x_wconf 92' lang='lat' dir='ltr'>que</span> <span class='ocrx_word' id='word_1_43' title='bbox 589 696 759 754; x_wconf 82' lang='lat' dir='ltr'>continetur</span> <span class='ocrx_word' id='word_1_44' title='bbox 778 713 796 752; x_wconf 85' lang='lat' dir='ltr'>a</span> <span class='ocrx_word' id='word_1_45' title='bbox 814 694 899 753; x_wconf 89' lang='lat' dir='ltr'>lineis</span> <span class='ocrx_word' id='word_1_46' title='bbox 919 695 963 752; x_wconf 86' lang='lat' dir='ltr'>ud</span> <span class='ocrx_word' id='word_1_47' title='bbox 982 696 1012 752; x_wconf 92' lang='lat' dir='ltr'>et</span> <span class='ocrx_word' id='word_1_48' title='bbox 1031 695 1079 752; x_wconf 82' lang='lat' dir='ltr'>db.</span> <span class='ocrx_word' id='word_1_49' title='bbox 1108 713 1120 753; x_wconf 84' lang='lat'>5</span> 
     </span>
     <span class='ocr_line' id='line_1_7' title="bbox 55 783 1081 862; baseline -0.002 -20"><span class='ocrx_word' id='word_1_50' title='bbox 55 785 124 843; x_wconf 78' lang='lat' dir='ltr'>Est</span> <span class='ocrx_word' id='word_1_51' title='bbox 158 803 228 862; x_wconf 86' lang='lat' dir='ltr'>ergo</span> <span class='ocrx_word' id='word_1_52' title='bbox 258 785 441 859; x_wconf 84' lang='lat' dir='ltr'>superfluum</span> <span class='ocrx_word' id='word_1_53' title='bbox 470 783 685 843; x_wconf 91' lang='lat' dir='ltr'>coniunctionis</span> <span class='ocrx_word' id='word_1_54' title='bbox 713 783 839 842; x_wconf 89' lang='lat' dir='ltr'>duorum</span> <span class='ocrx_word' id='word_1_55' title='bbox 867 783 1081 858; x_wconf 87' lang='lat' dir='ltr'>quadratorum</span> 
     </span>
    </p>
   </div>
   <div class='ocr_carea' id='block_1_4' title="bbox 50 1773 1136 3445">
    <p class='ocr_par' dir='ltr' id='par_1_4' title="bbox 50 1773 1136 3445">
     <span class='ocr_line' id='line_1_8' title="bbox 56 1773 1079 1851; baseline -0.006 -16"><span class='ocrx_word' id='word_1_56' title='bbox 56 1795 108 1850; x_wconf 74' lang='lat' dir='ltr'>ay</span> <span class='ocrx_word' id='word_1_57' title='bbox 135 1778 166 1833; x_wconf 91' lang='lat' dir='ltr'>et</span> <span class='ocrx_word' id='word_1_58' title='bbox 185 1776 228 1848; x_wconf 72' lang='lat' dir='ltr'>qb</span> <span class='ocrx_word' id='word_1_59' title='bbox 246 1793 337 1851; x_wconf 90' lang='lat' dir='ltr'>supra</span> <span class='ocrx_word' id='word_1_60' title='bbox 356 1776 481 1851; x_wconf 90' lang='lat' dir='ltr'>duplum</span> <span class='ocrx_word' id='word_1_61' title='bbox 500 1775 673 1851; x_wconf 78' lang='lat' dir='ltr'>superficiei,</span> <span class='ocrx_word' id='word_1_62' title='bbox 693 1794 751 1850; x_wconf 93' lang='lat' dir='ltr'>que</span> <span class='ocrx_word' id='word_1_63' title='bbox 770 1775 940 1833; x_wconf 78' lang='lat' dir='ltr'>continetur</span> <span class='ocrx_word' id='word_1_64' title='bbox 958 1792 976 1830; x_wconf 92' lang='lat' dir='ltr'>a</span> <span class='ocrx_word' id='word_1_65' title='bbox 993 1773 1079 1830; x_wconf 90' lang='lat' dir='ltr'>lineis</span> 
     </span>
     <span class='ocr_line' id='line_1_9' title="bbox 56 1863 1079 1939; baseline -0.005 -15"><span class='ocrx_word' id='word_1_66' title='bbox 56 1883 108 1938; x_wconf 77' lang='lat' dir='ltr'>ay</span> <span class='ocrx_word' id='word_1_67' title='bbox 134 1866 165 1922; x_wconf 93' lang='lat' dir='ltr'>et</span> <span class='ocrx_word' id='word_1_68' title='bbox 185 1865 240 1937; x_wconf 72' lang='lat' dir='ltr'>qb,</span> <span class='ocrx_word' id='word_1_69' title='bbox 263 1865 430 1939; x_wconf 87' lang='lat' dir='ltr'>superficies</span> <span class='ocrx_word' id='word_1_70' title='bbox 453 1866 494 1938; x_wconf 78' lang='lat' dir='ltr'>fl3</span> <span class='ocrx_word' id='word_1_71' title='bbox 523 1868 554 1922; x_wconf 91' lang='lat' dir='ltr'>et</span> <span class='ocrx_word' id='word_1_72' title='bbox 576 1864 715 1922; x_wconf 89' lang='lat' dir='ltr'>similiter</span> <span class='ocrx_word' id='word_1_73' title='bbox 737 1863 920 1938; x_wconf 87' lang='lat' dir='ltr'>superfluum</span> <span class='ocrx_word' id='word_1_74' title='bbox 943 1863 1079 1922; x_wconf 92' lang='lat' dir='ltr'>coniunc-</span> 
     </span>
     <span class='ocr_line' id='line_1_10' title="bbox 59 1951 1081 2028; baseline -0.004 -16"><span class='ocrx_word' id='word_1_75' title='bbox 59 1952 160 2012; x_wconf 93' lang='lat' dir='ltr'>tionis</span> <span class='ocrx_word' id='word_1_76' title='bbox 179 1951 305 2012; x_wconf 90' lang='lat' dir='ltr'>duorum</span> <span class='ocrx_word' id='word_1_77' title='bbox 324 1953 538 2028; x_wconf 85' lang='lat' dir='ltr'>quadratorum</span> <span class='ocrx_word' id='word_1_78' title='bbox 556 1955 600 2011; x_wconf 86' lang='lat' dir='ltr'>od</span> <span class='ocrx_word' id='word_1_79' title='bbox 619 1956 649 2010; x_wconf 89' lang='lat' dir='ltr'>et</span> <span class='ocrx_word' id='word_1_80' title='bbox 667 1953 709 2011; x_wconf 84' lang='lat' dir='ltr'>db</span> <span class='ocrx_word' id='word_1_81' title='bbox 729 1971 820 2027; x_wconf 88' lang='lat' dir='ltr'>supra</span> <span class='ocrx_word' id='word_1_82' title='bbox 838 1952 962 2026; x_wconf 87' lang='lat' dir='ltr'>duplum</span> <span class='ocrx_word' id='word_1_83' title='bbox 981 1969 1081 2026; x_wconf 87' lang='lat' dir='ltr'>super-</span> 
     </span>
     <span class='ocr_line' id='line_1_11' title="bbox 58 2039 1121 2115; baseline -0.002 -15"><span class='ocrx_word' id='word_1_84' title='bbox 58 2040 154 2115; x_wconf 87' lang='lat' dir='ltr'>ficiei,</span> <span class='ocrx_word' id='word_1_85' title='bbox 178 2060 235 2115; x_wconf 89' lang='lat' dir='ltr'>que</span> <span class='ocrx_word' id='word_1_86' title='bbox 258 2042 428 2100; x_wconf 80' lang='lat' dir='ltr'>continetur</span> <span class='ocrx_word' id='word_1_87' title='bbox 450 2061 468 2100; x_wconf 89' lang='lat' dir='ltr'>a</span> <span class='ocrx_word' id='word_1_88' title='bbox 490 2041 577 2099; x_wconf 90' lang='lat' dir='ltr'>lineis</span> <span class='ocrx_word' id='word_1_89' title='bbox 601 2043 645 2098; x_wconf 85' lang='lat' dir='ltr'>od</span> <span class='ocrx_word' id='word_1_90' title='bbox 668 2043 699 2098; x_wconf 92' lang='lat' dir='ltr'>et</span> <span class='ocrx_word' id='word_1_91' title='bbox 717 2041 772 2115; x_wconf 85' lang='lat' dir='ltr'>db,</span> <span class='ocrx_word' id='word_1_92' title='bbox 796 2043 842 2098; x_wconf 87' lang='lat' dir='ltr'>est</span> <span class='ocrx_word' id='word_1_93' title='bbox 860 2039 1028 2115; x_wconf 76' lang='lat' dir='ltr'>supefficies</span> <span class='ocrx_word' id='word_1_94' title='bbox 1047 2041 1079 2097; x_wconf 82' lang='lat' dir='ltr'>tl.</span> <span class='ocrx_word' id='word_1_95' title='bbox 1095 2061 1121 2098; x_wconf 88' lang='lat' dir='ltr'>ro</span> 
     </span>
     <span class='ocr_line' id='line_1_12' title="bbox 60 2129 1082 2206; baseline -0.003 -18"><span class='ocrx_word' id='word_1_96' title='bbox 60 2130 119 2188; x_wconf 81' lang='lat' dir='ltr'>Fit</span> <span class='ocrx_word' id='word_1_97' title='bbox 139 2148 208 2206; x_wconf 81' lang='lat' dir='ltr'>ergo</span> <span class='ocrx_word' id='word_1_98' title='bbox 227 2130 411 2205; x_wconf 88' lang='lat' dir='ltr'>superfluum</span> <span class='ocrx_word' id='word_1_99' title='bbox 430 2129 645 2189; x_wconf 86' lang='lat' dir='ltr'>coniunctionis</span> <span class='ocrx_word' id='word_1_100' title='bbox 665 2129 790 2187; x_wconf 92' lang='lat' dir='ltr'>duorum</span> <span class='ocrx_word' id='word_1_101' title='bbox 804 2129 1019 2204; x_wconf 85' lang='lat' dir='ltr'>quadratorum</span> <span class='ocrx_word' id='word_1_102' title='bbox 1037 2146 1082 2201; x_wconf 75' lang='lat' dir='ltr'>up</span> 
     </span>
     <span class='ocr_line' id='line_1_13' title="bbox 62 2216 1079 2294; baseline -0.003 -17"><span class='ocrx_word' id='word_1_103' title='bbox 62 2221 98 2277; x_wconf 91' lang='lat' dir='ltr'>et</span> <span class='ocrx_word' id='word_1_104' title='bbox 125 2219 166 2290; x_wconf 67' lang='lat' dir='ltr'>pb</span> <span class='ocrx_word' id='word_1_105' title='bbox 194 2237 284 2294; x_wconf 84' lang='lat' dir='ltr'>supra</span> <span class='ocrx_word' id='word_1_106' title='bbox 312 2218 437 2294; x_wconf 89' lang='lat' dir='ltr'>duplum</span> <span class='ocrx_word' id='word_1_107' title='bbox 464 2218 643 2293; x_wconf 77' lang='lat' dir='ltr'>superficiei,</span> <span class='ocrx_word' id='word_1_108' title='bbox 671 2237 728 2293; x_wconf 91' lang='lat' dir='ltr'>que</span> <span class='ocrx_word' id='word_1_109' title='bbox 757 2217 926 2276; x_wconf 89' lang='lat' dir='ltr'>continetur</span> <span class='ocrx_word' id='word_1_110' title='bbox 953 2235 971 2273; x_wconf 93' lang='lat' dir='ltr'>a</span> <span class='ocrx_word' id='word_1_111' title='bbox 994 2216 1079 2274; x_wconf 90' lang='lat' dir='ltr'>lineis</span> 
     </span>
     <span class='ocr_line' id='line_1_14' title="bbox 63 2304 1079 2382; baseline -0.005 -16"><span class='ocrx_word' id='word_1_112' title='bbox 63 2325 111 2381; x_wconf 72' lang='lat' dir='ltr'>oq</span> <span class='ocrx_word' id='word_1_113' title='bbox 135 2309 166 2364; x_wconf 88' lang='lat' dir='ltr'>et</span> <span class='ocrx_word' id='word_1_114' title='bbox 185 2309 241 2380; x_wconf 71' lang='lat' dir='ltr'>ob,</span> <span class='ocrx_word' id='word_1_115' title='bbox 263 2307 368 2382; x_wconf 90' lang='lat' dir='ltr'>equale</span> <span class='ocrx_word' id='word_1_116' title='bbox 392 2307 541 2382; x_wconf 87' lang='lat' dir='ltr'>superfluo</span> <span class='ocrx_word' id='word_1_117' title='bbox 566 2307 780 2366; x_wconf 89' lang='lat' dir='ltr'>coniunctionis</span> <span class='ocrx_word' id='word_1_118' title='bbox 804 2306 930 2363; x_wconf 84' lang='lat' dir='ltr'>duorum</span> <span class='ocrx_word' id='word_1_119' title='bbox 953 2304 1079 2379; x_wconf 86' lang='lat' dir='ltr'>quadra-</span> 
     </span>
     <span class='ocr_line' id='line_1_15' title="bbox 60 2393 1081 2472; baseline -0.005 -18"><span class='ocrx_word' id='word_1_120' title='bbox 60 2399 170 2454; x_wconf 88' lang='lat' dir='ltr'>torum</span> <span class='ocrx_word' id='word_1_121' title='bbox 192 2397 238 2454; x_wconf 85' lang='lat' dir='ltr'>ud</span> <span class='ocrx_word' id='word_1_122' title='bbox 261 2398 292 2454; x_wconf 94' lang='lat' dir='ltr'>et</span> <span class='ocrx_word' id='word_1_123' title='bbox 314 2397 356 2454; x_wconf 84' lang='lat' dir='ltr'>db</span> <span class='ocrx_word' id='word_1_124' title='bbox 379 2413 469 2470; x_wconf 87' lang='lat' dir='ltr'>supra</span> <span class='ocrx_word' id='word_1_125' title='bbox 493 2396 616 2472; x_wconf 89' lang='lat' dir='ltr'>duplum</span> <span class='ocrx_word' id='word_1_126' title='bbox 639 2395 811 2470; x_wconf 84' lang='lat' dir='ltr'>superficiei,</span> <span class='ocrx_word' id='word_1_127' title='bbox 836 2413 893 2469; x_wconf 91' lang='lat' dir='ltr'>que</span> <span class='ocrx_word' id='word_1_128' title='bbox 913 2393 1081 2453; x_wconf 87' lang='lat' dir='ltr'>continetur</span> 
     </span>
     <span class='ocr_line' id='line_1_16' title="bbox 65 2481 1120 2559; baseline -0.001 -18"><span class='ocrx_word' id='word_1_129' title='bbox 65 2504 84 2542; x_wconf 87' lang='lat' dir='ltr'>a</span> <span class='ocrx_word' id='word_1_130' title='bbox 109 2482 198 2542; x_wconf 88' lang='lat' dir='ltr'>lineis</span> <span class='ocrx_word' id='word_1_131' title='bbox 221 2484 265 2542; x_wconf 85' lang='lat' dir='ltr'>od</span> <span class='ocrx_word' id='word_1_132' title='bbox 287 2486 318 2542; x_wconf 93' lang='lat' dir='ltr'>et</span> <span class='ocrx_word' id='word_1_133' title='bbox 344 2485 400 2558; x_wconf 85' lang='lat' dir='ltr'>db,</span> <span class='ocrx_word' id='word_1_134' title='bbox 423 2485 504 2559; x_wconf 90' lang='lat' dir='ltr'>quod</span> <span class='ocrx_word' id='word_1_135' title='bbox 529 2488 574 2543; x_wconf 89' lang='lat' dir='ltr'>est</span> <span class='ocrx_word' id='word_1_136' title='bbox 597 2483 765 2559; x_wconf 90' lang='lat' dir='ltr'>superficies</span> <span class='ocrx_word' id='word_1_137' title='bbox 788 2488 827 2541; x_wconf 78' lang='lat' dir='ltr'>lc.</span> <span class='ocrx_word' id='word_1_138' title='bbox 873 2481 931 2540; x_wconf 79' lang='lat' dir='ltr'>Sed</span> <span class='ocrx_word' id='word_1_139' title='bbox 953 2481 1080 2556; x_wconf 89' lang='lat' dir='ltr'>duplum</span> <span class='ocrx_word' id='word_1_140' title='bbox 1094 2499 1120 2540; x_wconf 86' lang='lat'>15</span> 
     </span>
     <span class='ocr_line' id='line_1_17' title="bbox 55 2569 1079 2648; baseline -0.005 -16"><span class='ocrx_word' id='word_1_141' title='bbox 55 2571 248 2648; x_wconf 86' lang='lat' dir='ltr'>superficiei,</span> <span class='ocrx_word' id='word_1_142' title='bbox 276 2591 334 2647; x_wconf 89' lang='lat' dir='ltr'>que</span> <span class='ocrx_word' id='word_1_143' title='bbox 361 2573 533 2632; x_wconf 86' lang='lat' dir='ltr'>continetur</span> <span class='ocrx_word' id='word_1_144' title='bbox 560 2593 577 2630; x_wconf 83' lang='lat' dir='ltr'>a</span> <span class='ocrx_word' id='word_1_145' title='bbox 605 2571 691 2631; x_wconf 91' lang='lat' dir='ltr'>lineis</span> <span class='ocrx_word' id='word_1_146' title='bbox 719 2591 761 2645; x_wconf 73' lang='lat' dir='ltr'>aq</span> <span class='ocrx_word' id='word_1_147' title='bbox 789 2574 820 2630; x_wconf 91' lang='lat' dir='ltr'>et</span> <span class='ocrx_word' id='word_1_148' title='bbox 845 2569 887 2644; x_wconf 71' lang='lat' dir='ltr'>qb</span> <span class='ocrx_word' id='word_1_149' title='bbox 911 2574 955 2629; x_wconf 91' lang='lat' dir='ltr'>est</span> <span class='ocrx_word' id='word_1_150' title='bbox 978 2589 1079 2645; x_wconf 90' lang='lat' dir='ltr'>super·</span> 
     </span>
     <span class='ocr_line' id='line_1_18' title="bbox 62 2654 1081 2737; baseline -0.004 -18"><span class='ocrx_word' id='word_1_151' title='bbox 62 2661 149 2720; x_wconf 85' lang='lat' dir='ltr'>ficies</span> <span class='ocrx_word' id='word_1_152' title='bbox 176 2663 227 2735; x_wconf 78' lang='lat' dir='ltr'>fle,</span> <span class='ocrx_word' id='word_1_153' title='bbox 254 2663 285 2719; x_wconf 93' lang='lat' dir='ltr'>et</span> <span class='ocrx_word' id='word_1_154' title='bbox 312 2661 481 2736; x_wconf 87' lang='lat' dir='ltr'>superficies</span> <span class='ocrx_word' id='word_1_155' title='bbox 510 2663 549 2720; x_wconf 74' lang='lat' dir='ltr'>ah</span> <span class='ocrx_word' id='word_1_156' title='bbox 576 2663 622 2719; x_wconf 88' lang='lat' dir='ltr'>est</span> <span class='ocrx_word' id='word_1_157' title='bbox 650 2661 764 2736; x_wconf 86' lang='lat' dir='ltr'>equalis</span> <span class='ocrx_word' id='word_1_158' title='bbox 787 2654 883 2737; x_wconf 65' lang='lat' dir='ltr'>{duplo</span> <span class='ocrx_word' id='word_1_159' title='bbox 906 2659 1081 2736; x_wconf 87' lang='lat' dir='ltr'>superficiei,</span> 
     </span>
     <span class='ocr_line' id='line_1_19' title="bbox 64 2747 1081 2825; baseline -0.004 -17"><span class='ocrx_word' id='word_1_160' title='bbox 64 2767 129 2825; x_wconf 91' lang='lat' dir='ltr'>que</span> <span class='ocrx_word' id='word_1_161' title='bbox 152 2749 330 2808; x_wconf 51' lang='lat' dir='ltr'>continetur¹</span> <span class='ocrx_word' id='word_1_162' title='bbox 345 2769 363 2808; x_wconf 93' lang='lat' dir='ltr'>a</span> <span class='ocrx_word' id='word_1_163' title='bbox 381 2750 467 2808; x_wconf 89' lang='lat' dir='ltr'>lineis</span> <span class='ocrx_word' id='word_1_164' title='bbox 486 2751 531 2809; x_wconf 86' lang='lat' dir='ltr'>ud</span> <span class='ocrx_word' id='word_1_165' title='bbox 549 2752 580 2808; x_wconf 91' lang='lat' dir='ltr'>et</span> <span class='ocrx_word' id='word_1_166' title='bbox 597 2750 653 2823; x_wconf 84' lang='lat' dir='ltr'>db,</span> <span class='ocrx_word' id='word_1_167' title='bbox 676 2748 757 2824; x_wconf 92' lang='lat' dir='ltr'>quod</span> <span class='ocrx_word' id='word_1_168' title='bbox 775 2749 841 2807; x_wconf 90' lang='lat' dir='ltr'>ideo</span> <span class='ocrx_word' id='word_1_169' title='bbox 861 2752 914 2822; x_wconf 88' lang='lat' dir='ltr'>est,</span> <span class='ocrx_word' id='word_1_170' title='bbox 939 2747 1081 2824; x_wconf 91' lang='lat' dir='ltr'>quoniam</span> 
     </span>
     <span class='ocr_line' id='line_1_20' title="bbox 63 2837 1136 2913; baseline -0.003 -17"><span class='ocrx_word' id='word_1_171' title='bbox 63 2837 226 2896; x_wconf 82' lang='lat' dir='ltr'>divisimus</span> <span class='ocrx_word' id='word_1_172' title='bbox 249 2837 434 2913; x_wconf 88' lang='lat' dir='ltr'>superficiem</span> <span class='ocrx_word' id='word_1_173' title='bbox 457 2856 492 2897; x_wconf 70' lang='lat' dir='ltr'>ac</span> <span class='ocrx_word' id='word_1_174' title='bbox 515 2839 652 2913; x_wconf 89' lang='lat' dir='ltr'>equalem</span> <span class='ocrx_word' id='word_1_175' title='bbox 674 2837 715 2911; x_wconf 84' lang='lat' dir='ltr'>ei,</span> <span class='ocrx_word' id='word_1_176' title='bbox 739 2837 818 2912; x_wconf 95' lang='lat' dir='ltr'>quod</span> <span class='ocrx_word' id='word_1_177' title='bbox 842 2841 887 2896; x_wconf 90' lang='lat' dir='ltr'>est</span> <span class='ocrx_word' id='word_1_178' title='bbox 910 2857 944 2895; x_wconf 84' lang='lat' dir='ltr'>ex</span> <span class='ocrx_word' id='word_1_179' title='bbox 967 2837 1081 2896; x_wconf 93' lang='lat' dir='ltr'>duobus</span> <span class='ocrx_word' id='word_1_180' title='bbox 1134 2848 1136 2852; x_wconf 69' lang='grc'><strong>“</strong></span> 
     </span>
     <span class='ocr_line' id='line_1_21' title="bbox 64 2922 1121 3004; baseline 0.001 -20"><span class='ocrx_word' id='word_1_181' title='bbox 64 2926 225 3002; x_wconf 89' lang='lat' dir='ltr'>quadratis</span> <span class='ocrx_word' id='word_1_182' title='bbox 235 2928 279 2985; x_wconf 86' lang='lat' dir='ltr'>ud</span> <span class='ocrx_word' id='word_1_183' title='bbox 293 2929 323 2985; x_wconf 89' lang='lat' dir='ltr'>et</span> <span class='ocrx_word' id='word_1_184' title='bbox 333 2928 383 3000; x_wconf 82' lang='lat' dir='ltr'>db,</span> <span class='ocrx_word' id='word_1_185' title='bbox 397 2922 568 3004; x_wconf 85' lang='lat' dir='ltr'>&lt;et&gt;etiam</span> <span class='ocrx_word' id='word_1_186' title='bbox 582 2930 734 2985; x_wconf 87' lang='lat' dir='ltr'>ostensum</span> <span class='ocrx_word' id='word_1_187' title='bbox 749 2927 801 3001; x_wconf 87' lang='lat' dir='ltr'>est,</span> <span class='ocrx_word' id='word_1_188' title='bbox 817 2926 898 3000; x_wconf 92' lang='lat' dir='ltr'>quod</span> <span class='ocrx_word' id='word_1_189' title='bbox 912 2925 1080 3000; x_wconf 88' lang='lat' dir='ltr'>superficies</span> <span class='ocrx_word' id='word_1_190' title='bbox 1095 2945 1121 2985; x_wconf 81' lang='lat' dir='ltr'>ao</span> 
     </span>
     <span class='ocr_line' id='line_1_22' title="bbox 50 3014 1080 3090; baseline -0.004 -16"><span class='ocrx_word' id='word_1_191' title='bbox 50 3017 93 3074; x_wconf 79' lang='lat' dir='ltr'>&#39;tl</span> <span class='ocrx_word' id='word_1_192' title='bbox 119 3018 164 3074; x_wconf 91' lang='lat' dir='ltr'>est</span> <span class='ocrx_word' id='word_1_193' title='bbox 182 3016 295 3090; x_wconf 87' lang='lat' dir='ltr'>equalis</span> <span class='ocrx_word' id='word_1_194' title='bbox 315 3016 461 3090; x_wconf 89' lang='lat' dir='ltr'>quadrato</span> <span class='ocrx_word' id='word_1_195' title='bbox 479 3015 559 3074; x_wconf 84' lang='lat' dir='ltr'>facto</span> <span class='ocrx_word' id='word_1_196' title='bbox 578 3035 614 3072; x_wconf 85' lang='lat' dir='ltr'>ex</span> <span class='ocrx_word' id='word_1_197' title='bbox 631 3015 710 3072; x_wconf 89' lang='lat' dir='ltr'>linea</span> <span class='ocrx_word' id='word_1_198' title='bbox 729 3017 779 3073; x_wconf 85' lang='lat' dir='ltr'>ob.</span> <span class='ocrx_word' id='word_1_199' title='bbox 815 3014 992 3072; x_wconf 89' lang='lat' dir='ltr'>Remanebit</span> <span class='ocrx_word' id='word_1_200' title='bbox 1010 3033 1080 3089; x_wconf 85' lang='lat' dir='ltr'>ergo</span> 
     </span>
     <span class='ocr_line' id='line_1_23' title="bbox 62 3102 1081 3180; baseline -0.004 -16"><span class='ocrx_word' id='word_1_201' title='bbox 62 3103 239 3180; x_wconf 87' lang='lat' dir='ltr'>superficies</span> <span class='ocrx_word' id='word_1_202' title='bbox 262 3106 301 3163; x_wconf 75' lang='lat' dir='ltr'>rt</span> <span class='ocrx_word' id='word_1_203' title='bbox 324 3104 440 3179; x_wconf 86' lang='lat' dir='ltr'>equalis</span> <span class='ocrx_word' id='word_1_204' title='bbox 463 3104 503 3169; x_wconf 91' lang='lat' dir='ltr'>ei,</span> <span class='ocrx_word' id='word_1_205' title='bbox 535 3104 615 3178; x_wconf 92' lang='lat' dir='ltr'>quod</span> <span class='ocrx_word' id='word_1_206' title='bbox 639 3104 684 3161; x_wconf 92' lang='lat' dir='ltr'>est</span> <span class='ocrx_word' id='word_1_207' title='bbox 707 3122 742 3160; x_wconf 85' lang='lat' dir='ltr'>ex</span> <span class='ocrx_word' id='word_1_208' title='bbox 764 3102 1013 3178; x_wconf 88' lang='lat' dir='ltr'>multiplicatione</span> <span class='ocrx_word' id='word_1_209' title='bbox 1037 3103 1081 3160; x_wconf 86' lang='lat' dir='ltr'>ud</span> 
     </span>
     <span class='ocr_line' id='line_1_24' title="bbox 63 3190 1081 3267; baseline -0.005 -16"><span class='ocrx_word' id='word_1_210' title='bbox 63 3193 100 3251; x_wconf 89' lang='lat' dir='ltr'>in</span> <span class='ocrx_word' id='word_1_211' title='bbox 120 3193 162 3251; x_wconf 85' lang='lat' dir='ltr'>db</span> <span class='ocrx_word' id='word_1_212' title='bbox 181 3193 297 3251; x_wconf 89' lang='lat' dir='ltr'>duabus</span> <span class='ocrx_word' id='word_1_213' title='bbox 315 3191 437 3252; x_wconf 81' lang='lat' dir='ltr'>vicibus.</span> <span class='ocrx_word' id='word_1_214' title='bbox 475 3191 726 3267; x_wconf 82' lang='lat' dir='ltr'>Superficiemque</span> <span class='ocrx_word' id='word_1_215' title='bbox 740 3192 776 3263; x_wconf 78' lang='lat' dir='ltr'>ft</span> <span class='ocrx_word' id='word_1_216' title='bbox 791 3191 930 3249; x_wconf 86' lang='lat' dir='ltr'>scivimus</span> <span class='ocrx_word' id='word_1_217' title='bbox 945 3190 1081 3266; x_wconf 91' lang='lat' dir='ltr'>equalem</span> 
     </span>
     <span class='ocr_line' id='line_1_25' title="bbox 64 3279 1079 3357; baseline -0.005 -17"><span class='ocrx_word' id='word_1_218' title='bbox 64 3282 106 3355; x_wconf 88' lang='lat' dir='ltr'>ei,</span> <span class='ocrx_word' id='word_1_219' title='bbox 131 3281 211 3357; x_wconf 90' lang='lat' dir='ltr'>quod</span> <span class='ocrx_word' id='word_1_220' title='bbox 232 3281 267 3339; x_wconf 91' lang='lat' dir='ltr'>fit</span> <span class='ocrx_word' id='word_1_221' title='bbox 290 3299 325 3339; x_wconf 85' lang='lat' dir='ltr'>ex</span> <span class='ocrx_word' id='word_1_222' title='bbox 347 3280 590 3356; x_wconf 87' lang='lat' dir='ltr'>multiplicationi</span> <span class='ocrx_word' id='word_1_223' title='bbox 609 3299 651 3353; x_wconf 71' lang='lat' dir='ltr'>cy</span> <span class='ocrx_word' id='word_1_224' title='bbox 669 3280 700 3337; x_wconf 89' lang='lat' dir='ltr'>in</span> <span class='ocrx_word' id='word_1_225' title='bbox 716 3281 758 3353; x_wconf 70' lang='lat' dir='ltr'>ob</span> <span class='ocrx_word' id='word_1_226' title='bbox 776 3279 834 3337; x_wconf 88' lang='lat' dir='ltr'>bis:</span> <span class='ocrx_word' id='word_1_227' title='bbox 857 3282 991 3337; x_wconf 89' lang='lat' dir='ltr'>remanet</span> <span class='ocrx_word' id='word_1_228' title='bbox 1010 3297 1079 3354; x_wconf 83' lang='lat' dir='ltr'>ergo</span> 
     </span>
     <span class='ocr_line' id='line_1_26' title="bbox 62 3366 1120 3445; baseline -0.007 -15"><span class='ocrx_word' id='word_1_229' title='bbox 62 3369 240 3445; x_wconf 86' lang='lat' dir='ltr'>superficies</span> <span class='ocrx_word' id='word_1_230' title='bbox 271 3370 301 3442; x_wconf 82' lang='lat' dir='ltr'>fl</span> <span class='ocrx_word' id='word_1_231' title='bbox 332 3370 516 3444; x_wconf 86' lang='lat' dir='ltr'>superfluum</span> <span class='ocrx_word' id='word_1_232' title='bbox 548 3368 712 3445; x_wconf 88' lang='lat' dir='ltr'>superficiei</span> <span class='ocrx_word' id='word_1_233' title='bbox 744 3368 858 3443; x_wconf 88' lang='lat' dir='ltr'>equalis</span> <span class='ocrx_word' id='word_1_234' title='bbox 889 3367 980 3442; x_wconf 90' lang='lat' dir='ltr'>duplo</span> <span class='ocrx_word' id='word_1_235' title='bbox 1009 3366 1080 3441; x_wconf 85' lang='lat' dir='ltr'>eius,</span> <span class='ocrx_word' id='word_1_236' title='bbox 1095 3394 1120 3435; x_wconf 77' lang='lat'>25</span> 
     </span>
    </p>
   </div>
   <div class='ocr_carea' id='block_1_5' title="bbox 143 3534 1046 3608">
    <p class='ocr_par' dir='ltr' id='par_1_5' title="bbox 143 3534 1046 3608">
     <span class='ocr_line' id='line_1_27' title="bbox 143 3534 1046 3608; baseline -0.003 -17"><span class='ocrx_word' id='word_1_237' title='bbox 143 3543 167 3593; x_wconf 79' lang='lat'>2.</span> <span class='ocrx_word' id='word_1_238' title='bbox 187 3537 319 3606; x_wconf 24' lang='lat' dir='ltr'>equalem&lt;</span> <span class='ocrx_word' id='word_1_239' title='bbox 331 3538 516 3608; x_wconf 81' lang='lat' dir='ltr'>superficiem.</span> <span class='ocrx_word' id='word_1_240' title='bbox 536 3572 571 3580; x_wconf 98' lang='lat'><strong>—</strong></span> <span class='ocrx_word' id='word_1_241' title='bbox 591 3545 617 3596; x_wconf 85' lang='lat'>6.</span> <span class='ocrx_word' id='word_1_242' title='bbox 638 3536 873 3608; x_wconf 53' lang='lat' dir='ltr'>coniunetioriisl</span> <span class='ocrx_word' id='word_1_243' title='bbox 885 3534 971 3589; x_wconf 72' lang='lat' dir='ltr'>euius</span> <span class='ocrx_word' id='word_1_244' title='bbox 988 3535 1046 3582; x_wconf 60' lang='lat' dir='ltr'>est.</span> 
     </span>
    </p>
   </div>
   <div class='ocr_carea' id='block_1_6' title="bbox 0 0 1183 3834">
    <p class='ocr_par' dir='ltr' id='par_1_6' title="bbox 0 0 1183 3834">
     <span class='ocr_line' id='line_1_28' title="bbox 0 0 1183 3834; baseline 0 0"><span class='ocrx_word' id='word_1_245' title='bbox 0 0 1183 3834; x_wconf 95' lang='lat' dir='ltr'> </span> 
     </span>
    </p>
   </div>
  </div>
 </body>
</html>
