2340 3834
409 167 459 222 AD
477 165 663 223 EUOLIDEM
680 166 747 221 LIB.
762 167 795 221 11.
1058 169 1099 232 91

55 335 269 399 astumatum
296 336 337 396 ob
367 339 413 395 est
440 336 546 412 equale
572 336 619 393 illi
645 335 823 412 superficiei,
852 335 1101 411 quemadmodum

58 409 240 484 0⁵¹³8nsum
263 427 316 501 est,
339 427 370 483 et
388 423 467 484 linea
484 424 613 504 indivisa
632 428 678 483 est
696 425 812 500 equalis
830 424 907 484 linea
926 427 976 499 ob,
1000 444 1100 500 quem·

64 491 248 572 elmodam
271 513 439 589 posuimus,
463 533 533 592 ergo
557 513 615 572 due
638 513 816 589 superficies,
836 534 892 589 que
912 514 1101 574 continentur

69 582 113 646 ab
164 602 214 661 hac
244 602 325 661 linea
352 603 393 661 ob
425 605 456 660 ct
485 621 667 678 unaquaque
695 603 860 661 sectionum
888 621 941 678 op,
967 605 1022 677 pb,
1056 605 1101 661 θεὴ

77 689 206 750 equalis
243 689 389 766 quadrato
422 693 477 764 ab,
514 693 545 749 et
579 691 655 749 illud
692 694 749 766 θεὴ,
787 691 866 766 quod
898 691 1100 750 demonstrare
1128 707 1140 747 ε

81 767 281 860 70111i111us.¹)

179 868 308 944 Figura
331 867 445 926 tercia
469 869 668 944 exemplum
691 868 726 925 in
749 860 948 950 numeris.²)

179 956 324 1031 Ponatur,
356 950 432 1035 (ut)
459 957 539 1015 linea
566 958 608 1016 ob
635 975 671 1015 ex
698 955 828 1014 numeris
855 956 895 1014 sit
924 960 977 1032 10,
1011 976 1101 1033 quam

98 1049 181 1117 Supra
205 1047 349 1120 punctum
373 1063 394 1118 p
419 1045 451 1103 in
479 1044 552 1104 duas
580 1044 712 1103 dividam
738 1044 896 1120 sectioneS,
925 1048 955 1103 et
982 1064 1099 1121 ponam,

101 1129 132 1188 ut
150 1151 193 1208 op
219 1135 260 1193 sit
287 1152 323 1192 ex
350 1134 480 1192 numeris
504 1135 536 1209 3,
565 1136 595 1191 et
623 1133 714 1192 sectio
735 1135 777 1207 pb
801 1133 840 1191 sit
866 1137 892 1192 7.
938 1134 1006 1191 Erit
1029 1152 1099 1210 ergo
1114 1153 1140 1191 ro

690 1221 901 1297 multiplicatio
916 1223 966 1296 ab,
982 1242 1039 1297 que
1055 1225 1100 1280 est

98 1298 115 1353 '⁶
470 1319 488 1372 9
555 1307 570 1354 3
634 1320 652 1356 a
694 1313 744 1386 10,
776 1311 808 1367 in
835 1312 887 1385 bp,
919 1329 977 1385 que
1006 1313 1051 1368 est
1081 1314 1098 1369 7

104 1370 109 1408 ¹
283 1410 286 1414 ⁴
475 1373 641 1408 ¹—¹
692 1418 727 1457 ex
745 1400 882 1475 numeris,
907 1402 956 1474 70,
980 1400 1100 1474 quaest

93 1488 205 1564 equalis
229 1487 270 1561 ei,
303 1488 382 1564 quod
405 1491 603 1566 congregatur
626 1507 662 1545 ex
683 1487 933 1563 multiplicatione
957 1506 1010 1562 op,
1041 1506 1099 1562 que

89 1579 136 1636 θεὴ
154 1577 187 1651 3,
219 1574 251 1633 in
271 1578 326 1652 pb,
358 1595 415 1652 quc
443 1580 488 1635 est
513 1578 541 1651 7,
573 1579 603 1634 θὴ
626 1595 662 1634 ex
683 1576 934 1651 multiplicatione
954 1578 1010 1651 pb,
1043 1595 1100 1651 que
1114 1593 1139 1633 ιθ

88 1667 137 1724 θεὴ
161 1666 189 1738 7,
220 1664 253 1722 in
276 1683 306 1723 se
329 1664 434 1740 ipsam.
485 1663 569 1734 Quod
591 1663 658 1724 ideo
682 1669 739 1740 est,
772 1665 914 1741 quoniam
937 1683 979 1738 op
1005 1664 1037 1722 in
1057 1665 1100 1738 pb

87 1756 136 1813 est
160 1756 211 1827 21,
235 1755 266 1811 et
287 1754 368 1811 linea
383 1755 425 1828 pb
447 1753 480 1811 in
503 1773 533 1812 se
555 1753 652 1829 ipsam
671 1757 716 1812 est
735 1755 787 1827 49,
811 1754 977 1813 coniunctio
995 1752 1099 1828 itaque

81 1861 193 1902 aarum
216 1844 261 1900 θεὴ
281 1845 335 1915 70,
359 1844 390 1900 θὴ
412 1842 489 1900 illud
511 1845 565 1916 est,
589 1842 669 1918 quod
691 1843 894 1902 demonstrare
912 1833 1098 1922 voluimus.³)

154 1943 156 1946 ’
177 1931 262 1988 Dixit
284 1932 415 2006 Yamus,
440 1931 519 2006 quod
541 1931 630 1990 huius
652 1931 745 2007 ligure
770 1930 907 2006 probatio
931 1931 1100 1989 declaratur

80 2040 124 2079 ex
146 2019 322 2094 probatione
344 2019 439 2096 figure
462 2019 557 2095 prime
580 2014 690 2098 <huius
713 2017 838 2096 partis>
1114 2039 1141 2077 ao

177 2107 293 2167 Ponam
325 2106 441 2183 itaque,
474 2111 509 2166 ut
540 2108 600 2167 sint
632 2108 689 2166 due
721 2108 799 2166 linae
828 2108 897 2166 date
927 2105 1002 2183 (ab,
1031 2103 1100 2185 bp),

81 2215 217 2274 quarum
239 2215 299 2255 una
322 2197 362 2255 sit
383 2196 524 2270 indivisa,
553 2200 583 2255 et
607 2198 702 2256 altera
725 2197 820 2255 divisa
843 2214 933 2271 supra
956 2198 1101 2272 punctum

746 2303 779 2358 p,
811 2304 868 2360 que
901 2286 946 2342 est
979 2285 1033 2358 ab,
1070 2286 1100 2342 et

80 2368 102 2472 If
468 2383 486 2472 q
668 2383 699 2472 ff
750 2373 807 2431 erit
834 2372 1014 2448 superficies,
1044 2392 1102 2447 quc

749 2462 917 2520 continetur
931 2480 949 2520 a
962 2461 1042 2519 linea
1055 2460 1099 2519 in·
1114 2479 1140 2518 aa

86 2550 189 2609 divisa
225 2553 254 2609 et
285 2551 366 2610 linea
398 2553 453 2627 ob,
491 2552 605 2627 equalis
639 2549 840 2610 coniunctioni
872 2549 1101 2626 superficierum,

85 2657 145 2714 que
165 2640 355 2699 continentur
372 2658 390 2698 a
412 2641 492 2699 linea
509 2640 639 2699 indivisa
657 2642 687 2697 θὴ
705 2638 885 2698 sectionibus
903 2638 980 2696 linae
997 2638 1099 2713 divise,

84 2727 203 2786 scilicet
225 2727 404 2788 sectionibus
424 2747 474 2804 ap,
492 2730 542 2804 pb.
585 2727 643 2786 Sed
664 2728 744 2786 linea
765 2727 895 2786 indivisa
918 2730 963 2786 est
986 2726 1099 2802 equalis

84 2815 167 2874 linee
190 2817 238 2891 bp,
262 2836 332 2894 ergo
355 2817 532 2893 superficies,
556 2837 613 2892 que
637 2817 806 2875 continetur
828 2835 846 2874 a
869 2816 948 2874 linea
971 2815 1100 2874 indivisa

161 3009 186 3056 4.
206 3005 235 3057 et
252 3020 309 3058 una
327 3019 381 3072 que
400 3006 443 3057 eet
462 3002 625 3057 sectionum.
644 3034 678 3042 -
698 3009 740 3056 24.
761 3001 828 3078 erit]
845 3002 890 3056 sit.

162 3182 188 3250 1)
207 3181 462 3251 ob=ap-l-pb;
481 3167 894 3250 ob¹=ob·op-l-ob·bp.

160 3254 188 3321 2)
206 3251 342 3305 Euoamns
360 3251 399 3320 H,
421 3256 450 3307 3:
485 3251 516 3306 sl
538 3252 623 3318 fuerit
646 3251 718 3305 liaeo
741 3251 772 3304 io
795 3251 865 3304 duos
885 3258 979 3319 portes
1001 3252 1100 3315 divisa,

85 3323 170 3390 otoo,
188 3324 260 3391 quod
277 3324 309 3391 fit
326 3339 359 3377 ec
377 3324 460 3377 ducto
473 3324 556 3377 totius
573 3324 604 3375 io
617 3322 731 3376 alteram
741 3327 856 3390 portem,
874 3338 971 3390 equum
985 3323 1036 3376 erit
1049 3323 1100 3386 bis,

86 3394 585 3535 {legecegastdfflinobrrd-e-ozpfflabffo
602 3409 629 3447 εθ
647 3394 736 3461 ipsam
755 3399 779 3447 o
796 3392 910 3447 alterius
928 3394 960 3446 io
977 3393 1107 3472 alteram,

161 3508 879 3610 a)10·7=(3÷7)r=a·'7†azaram.
