2340 3834
115 71 180 137 206
402 71 568 126 ANARITII
586 71 844 128 COMMENTAltu

116 259 237 299 numero
265 242 320 316 ab,
353 244 383 298 et
410 239 526 298 numeri
552 242 591 300 ab
619 244 649 298 et
674 242 710 299 at
736 240 885 299 coniuncti
912 243 982 298 sunt
1009 240 1159 315 equale&

115 348 238 387 numero
259 334 300 404 et,
324 348 393 407 ergo
416 348 554 388 numerus
578 331 619 389 ob
641 333 777 387 numeret
798 348 955 387 nnmerum
976 333 1010 389 ct
1027 346 1132 387 secun—

116 418 187 475 dum
209 419 408 492 quantitatem
431 418 503 492 eius,
527 418 606 493 quod
629 418 727 476 estin
745 420 842 478 obex
859 416 1035 492 unitatibus,
1058 436 1158 496 erge»

116 525 254 564 numerus
277 511 310 565 at
336 509 380 565 est
408 508 521 582 equalis
549 506 695 583 quadrato
718 508 768 566 cb.
815 505 874 564 Sed
899 506 1063 581 quadratus
1085 509 1136 565 αῖ

89 598 162 654 sest
180 597 228 670 dc,
252 614 321 672 ergo
344 615 483 654 numerus
500 600 534 655 ct
555 599 600 654 est
623 596 736 671 equalis
754 597 805 667 de;
830 599 860 653 et
877 595 952 653 illud
972 598 1024 670 est,
1049 613 1134 670 quo·

116 684 316 742 demonstrare
339 684 494 744 voluimus.

203 772 287 831 Alia
310 772 443 850 Figura
471 772 595 831 addita
622 773 838 831 theoremati
866 775 965 831 sexto
992 772 1101 831 decim

115 879 204 918 none
228 861 352 936 partis.

205 948 458 1025 Superficialis
486 950 527 1007 ab
557 951 653 1008 omni
680 967 823 1007 numero
850 949 886 1006 in
909 949 997 1008 duas
1020 953 1154 1010 sect':

75 1051 101 1090 1⁰
117 1056 199 1096 ones
227 1039 343 1098 diviso
371 1043 406 1097 et
432 1039 473 1097 ab
501 1056 568 1095 uno
595 1039 742 1096 duarum
764 1037 962 1096 sectionum
986 1038 1111 1114 equa12

116 1122 221 1204 <est>
249 1126 491 1204 superficiali,
521 1127 582 1202 qui
608 1127 655 1184 fit
682 1147 721 1185 ex
748 1146 815 1185 una
842 1127 992 1185 duarum
1020 1130 1091 1187 sect

116 1234 218 1273 onum
244 1216 281 1273 in
309 1217 473 1290 alteram
502 1233 577 1274 cum
601 1215 777 1291 quadrato
799 1216 897 1274 facto
921 1236 961 1275 ex
983 1216 1170 1292 reliqix

116 1304 283 1362 sectione.
290 1297 316 1385 ¹)
361 1304 498 1380 Exempli

115 1411 204 1452 causa
229 1393 268 1451 sit
294 1411 433 1450 numerus
455 1395 554 1451 cb
543 1368 558 1420 b

75 1481 278 1539 15divisus1n
299 1482 372 1540 duas
393 1481 496 1540 sectio-

115 1588 166 1628 nes
190 1587 280 1644 supra
301 1573 443 1645 punctum
464 1589 495 1644 9.
551 1617 554 1650 ἕ

115 1658 180 1716 dico
189 1657 291 1733 igitur,
306 1659 384 1733 quod
396 1677 496 1734 super-

116 1744 222 1804 ficialis
244 1747 341 1806 factus
365 1767 400 1804 ex
422 1750 464 1806 ob
487 1747 518 1804 in
542 1749 581 1821 by
605 1748 718 1823 equalis
742 1751 786 1806 est
806 1747 1007 1806 coniunctioni
1026 1763 1123 1822 super·

116 1833 220 1892 ficialis
247 1836 320 1893 iacti
346 1855 381 1893 ex
403 1855 445 1910 aq
467 1835 498 1893 in
522 1838 561 1909 by
584 1855 651 1894 cum
675 1837 820 1912 quadrato
842 1838 923 1894 facto
946 1855 982 1893 ex
1004 1851 1119 1892 numero

76 1937 104 1976 ao
114 1925 156 1996 qb
179 1922 211 1980 in
234 1942 264 1982 se
287 1924 392 1999 ipsum.
435 1923 480 1982 Sit
503 1943 573 2002 ergo
593 1925 785 2000 superficialis
803 1926 900 1983 factus
920 1944 955 1981 ex
973 1926 1017 1984 ab
1035 1924 1066 1982 in
1083 1924 1117 1996 bc

116 2012 307 2087 superficialis
331 2015 382 2087 dc,
409 2016 439 2070 et
466 2033 605 2072 numerus
628 2014 742 2089 equalis
766 2013 945 2089 superficiali
968 2031 1009 2087 cy
1031 2013 1062 2070 in
1082 2013 1115 2086 qb

116 2100 155 2159 sit
182 2103 234 2162 da:
263 2102 328 2160 dico
355 2101 460 2178 igitur,
488 2103 566 2177 quod
594 2103 755 2177 quadratus
779 2104 820 2176 qb
849 2104 893 2160 est
919 2120 1058 2160 numerus
1081 2118 1117 2160 ea

114 2189 255 2248 Probatio
283 2189 353 2249 eius.
402 2189 548 2260 Quoniam
575 2210 712 2250 numerus
738 2193 779 2265 qb
807 2194 943 2248 numerat
970 2209 1117 2248 numerum

115 2280 156 2337 dc
179 2279 338 2338 secundum
361 2279 555 2354 equalitatem
578 2281 650 2354 eius,
673 2280 752 2355 quod
775 2278 871 2338 estin
889 2281 985 2338 obex
1003 2278 1119 2336 unitati·

75 2367 178 2442 abus,
202 2369 253 2427 sed
276 2387 319 2442 aq
340 2371 477 2425 numerat
499 2370 539 2427 de
562 2369 721 2427 secundum
740 2368 933 2443 equalitatem
952 2368 1024 2441 eius,
1047 2367 1120 2443 quod

117 2456 216 2515 estin
237 2458 278 2530 qb
302 2475 337 2513 ex
359 2456 533 2531 unitatibus
557 2476 627 2533 ergo
650 2456 814 2515 remanebit
837 2476 872 2513 ex
895 2456 1061 2514 unitatibus
1083 2457 1120 2514 ob

115 2544 244 2602 unitates
264 2546 320 2619 qb,
347 2563 414 2602 cum
441 2545 547 2621 quibus
567 2548 609 2618 qb
636 2549 772 2604 numerat
800 2564 955 2603 numerum
979 2562 1026 2604 ce:
1055 2563 1121 2622 ergo

114 2650 253 2691 numerus
273 2650 307 2691 ea
328 2628 415 2710 <est>
434 2634 596 2707 quadratus
612 2636 666 2709 φὺς
691 2638 720 2692 et
737 2633 812 2691 illud
832 2637 884 2709 est,
908 2634 987 2708 quod
1005 2634 1122 2691 demon·

115 2723 208 2779 strare
231 2720 385 2779 voluimus.

75 2823 102 2862 ao
182 2809 316 2886 Figura
340 2809 501 2885 predicto
525 2810 740 2869 theoremati
764 2811 895 2869 addita.

183 2895 302 2956 Omnis
325 2898 462 2956 numeri
485 2898 521 2956 in
539 2898 626 2957 duas
645 2900 824 2959 sectiones
843 2899 953 2958 divisi
971 2900 1117 2975 quadra·

740 1385 758 1437 9
864 1385 883 1420 α

870 1560 885 1598 z
1122 1545 1147 1598 d

737 1631 825 1637 ...-..
836 1633 840 1637 .
853 1633 857 1637 .
869 1634 876 1650 ,Ι
1131 1614 1137 1650 1

115 2989 171 3044 tus
191 3006 230 3044 ex
248 2990 325 3046 toto
344 3007 488 3046 numero
506 2988 624 3046 factus
644 2988 783 3063 equalis
802 2992 856 3047 est
875 2988 1108 3048 coniunctiori

115 3075 260 3134 duorum
284 3075 538 3150 quadratorum
562 3077 710 3135 duarum
734 3078 935 3137 sectionum
958 3081 993 3134 et
1014 3077 1100 3152 dupl

185 3267 262 3317 2-3.
281 3269 311 3318 zt
328 3280 346 3331 9
366 3262 562 3331 quantitatem.
582 3295 615 3304 -
635 3269 677 3318 26.
697 3267 830 3318 remanet.

175 3444 202 3506 1)
219 3442 341 3501 Ibidem.
379 3441 483 3500 Confer
502 3441 591 3499 etiam
606 3442 647 3512 n„
662 3447 689 3497 t.
