2316 3840
402 156 453 211 AD
471 156 656 212 EUCLIDEM
673 156 740 212 LIB.
755 157 775 211 Ι.
1050 158 1093 222 63

54 349 125 390 una
157 329 241 388 sunt
268 325 367 386 maius
393 326 487 385 latere
510 328 563 400 bp,
590 325 839 401 quemadmodum
863 325 1094 402 exprobatione

52 421 166 498 figure
204 415 348 476 vicesimo
376 418 422 474 est
448 414 652 491 manifestum,
684 417 715 473 et
741 415 821 474 latus
848 417 888 490 bp
916 417 961 475 est
989 416 1094 491 equale

52 507 162 568 lateri
192 506 241 581 ele,
266 507 297 563 et
318 503 485 563 coniunctio
507 503 635 562 duorum
652 504 782 562 laterum
800 505 849 580 ab,
869 522 911 578 cp
928 504 1095 579 positorum

53 596 158 674 quasi
187 594 275 652 linea
297 612 359 651 una
382 595 427 651 est
450 597 492 652 et:
517 611 586 668 ergo
609 592 690 651 linea
713 597 743 651 et
765 596 810 651 est
831 593 927 651 maior
949 593 1029 651 linea
1048 594 1093 651 eli.

52 687 194 746 Ponam
218 682 324 757 itaque
346 684 489 756 punctum
512 699 527 740 e
549 684 696 757 centrum,
722 685 752 740 et
776 700 841 739 cum
864 681 961 756 spatio
985 683 1022 740 eli
1045 682 1092 738 de·
1120 694 1135 734 5

56 774 209 836 scribam
239 789 341 829 arcum
366 771 415 845 lei,
442 772 473 828 et
498 770 672 846 protraham
701 771 737 828 ele
760 773 790 828 et
813 772 862 829 dle.
908 770 1001 829 Linea
1025 789 1094 847 ergo

59 865 108 924 tte
135 865 193 921 est
218 858 335 934 equalis
357 859 434 918 linae
453 860 502 934 eq
525 859 577 917 sed
594 860 631 918 itt
652 862 697 917 est
716 859 829 934 equalis
847 877 904 932 cp:
927 878 997 935 ergo
1015 859 1094 917 linea

59 954 107 1013 tte
140 953 198 1008 est
227 947 345 1024 equalis
372 946 449 1006 lineo
477 966 535 1022 cp,·
562 951 593 1005 et
620 947 725 1021 etiam,
752 947 824 1022 quia
852 949 889 1006 ele
914 948 1013 1022 posita
1035 947 1095 1006 fuit

60 1039 199 1118 equalis
218 1038 268 1111 lte,
292 1039 337 1094 est
354 1035 434 1094 linea
453 1036 490 1094 ele
510 1036 625 1112 equalis
643 1036 720 1094 lineo
740 1038 787 1111 bp.
823 1035 891 1094 Duo
911 1055 980 1113 ergo
999 1037 1095 1096 latera

60 1132 121 1198 ed,
155 1127 208 1186 da
236 1126 308 1183 sunt
335 1125 454 1200 equalia
482 1124 596 1184 duobus
623 1124 766 1184 lateribus
795 1126 849 1193 bc,
873 1144 927 1199 cp,
956 1125 1094 1201 quodque
1109 1142 1136 1180 ro

60 1238 122 1279 suo
150 1213 305 1289 relativo,
328 1212 440 1273 scilicet
462 1215 503 1273 ab
527 1216 572 1272 est
594 1214 701 1289 equale
729 1215 777 1282 ite,
801 1216 831 1272 et
853 1232 895 1287 cp
918 1214 1021 1288 equale
1045 1216 1095 1287 ilie,

59 1311 94 1367 et
129 1302 224 1363 basis
255 1303 294 1376 bp
322 1304 366 1360 est
393 1301 509 1378 equalis
536 1301 602 1360 basi
629 1303 678 1361 cle:
711 1321 780 1380 ergo
809 1302 935 1380 angulus
963 1304 1024 1362 edii·
1051 1305 1096 1361 est

61 1393 198 1472 equalis
233 1391 343 1467 angulo
371 1392 447 1466 bap,
481 1390 561 1466 quod
591 1391 712 1466 quidem
739 1411 775 1450 ex
800 1391 975 1467 probatione
1001 1391 1095 1467 figure

58 1475 232 1564 <octave>
265 1481 310 1538 est
340 1479 541 1538 manifestum.
592 1479 650 1538 Sed
682 1481 808 1557 angulus
841 1481 902 1539 edic
929 1482 974 1538 est
1000 1479 1096 1538 maior

59 1571 192 1650 angulo
219 1569 293 1642 edla
317 1571 347 1626 et
368 1568 443 1627 illud
466 1572 519 1643 est,
542 1568 622 1644 quod
645 1569 845 1627 demonstrare
868 1569 1026 1629 voluimus.
1110 1583 1137 1624 rs

140 1656 252 1729 Quod
270 1655 435 1732 sequitur
453 1657 573 1735 figure
594 1657 763 1716 vicesime
783 1651 913 1738 sexte¹)
933 1657 1095 1716 additum

61 1752 127 1811 est
164 1744 335 1806 secundum
362 1745 545 1821 copiositatis
573 1746 705 1821 modum,
738 1747 817 1822 quod
844 1747 964 1822 quidem
990 1745 1096 1823 reperi,

63 1839 125 1900 sed
150 1836 347 1894 inventorem
370 1835 432 1894 eius
454 1834 575 1892 minime
597 1827 735 1915 invenifl)

143 1924 228 1984 cnm
256 1923 381 1999 angulus
410 1925 427 1982 b
454 1923 545 1982 fuerit
572 1923 686 1999 equalis
714 1924 824 2000 angulo
847 1919 893 2000 <q
916 1927 946 1982 et
969 1925 1095 2001 angulus

62 2036 86 2091 p
114 2011 246 2090 equalis
270 2007 400 2091 angulo>
417 2030 442 2078 a,
465 2014 495 2070 et
517 2012 596 2071 latus
616 2014 655 2086 bp
678 2013 782 2088 equale
805 2012 893 2071 lateri
912 2029 954 2087 ee,
978 2031 1047 2090 ergo
1072 2012 1096 2071 si
1110 2029 1138 2068 eo

63 2105 158 2164 latus
189 2102 233 2175 bp
264 2103 486 2176 supraponetur
512 2101 601 2159 lateri
629 2119 676 2175 ec,
704 2103 734 2159 et
760 2103 905 2176 punctum
927 2104 943 2159 b
966 2104 1097 2176 ponatur

68 2210 169 2269 super
194 2189 341 2264 punctum
364 2208 391 2265 e,
414 2193 444 2248 et
465 2192 611 2266 punctum
631 2209 651 2264 p
674 2208 762 2265 super
783 2192 927 2266 punctum
948 2208 972 2264 e,
995 2208 1095 2264 super·

67 2281 218 2357 ponatur
240 2276 322 2336 linea
344 2279 383 2353 tp
405 2279 483 2337 lines
507 2296 548 2354 ea,
572 2277 714 2353 quoniam
735 2279 798 2353 ipse
823 2281 892 2336 sunt
915 2278 1042 2352 equales,
1067 2281 1097 2335 et

69 2366 235 2429 locabitur
258 2367 386 2443 angulus
409 2369 426 2426 b
449 2386 539 2442 super
561 2367 703 2443 angulum
727 2385 749 2442 e,
773 2370 803 2426 et
825 2367 952 2444 angulus
969 2385 988 2440 p
1007 2385 1098 2442 super

153 2561 181 2608 4.
201 2552 296 2625 quasi]
315 2553 390 2622 quia.

159 2753 186 2819 1)
204 2748 342 2802 Eucnmss
359 2749 380 2815 Ι,
400 2754 446 2803 26:
475 2749 602 2803 Omnium
620 2750 736 2803 duorum
754 2750 964 2819 triaapulcritm,
983 2766 1097 2818 quoiam

14 2848 17 2852 ·
95 2821 143 2875 duc
156 2821 255 2891 cupali
266 2820 353 2875 caica
366 2820 472 2875 michae
485 2821 596 2890 capulis
609 2821 730 2887 citerius,
748 2826 772 2874 et
784 2826 894 2889 aterque
903 2837 929 2874 se
942 2821 1098 2888 respicienti

98 2891 196 2959 muter
203 2892 317 2958 fuerint,
332 2891 404 2945 latus
418 2907 520 2960 quoque
533 2892 620 2945 caius
629 2891 708 2944 lateri
722 2892 835 2945 ulterius
848 2892 949 2960 equale,
962 2893 1099 2960 feceritque

103 2958 166 3014 letae
181 2962 253 3016 ittet
270 2963 342 3016 iuter
359 2961 428 3016 daos
441 2962 557 3031 capulos
571 2963 684 3030 equales,
703 2968 752 3015 cut
765 2964 817 3014 wei
830 2979 921 3016 eorum
937 2964 1097 3030 oppositum,

106 3037 171 3086 cuit
192 3049 294 3103 quoque
317 3033 371 3087 too
393 3034 478 3086 amics
499 3034 606 3102 reliqua
629 3033 715 3087 tatem
733 3035 838 3087 duobus
854 3034 967 3101 reliquis
984 3034 1098 3087 ulterius

87 3132 90 3139 ·
110 3099 224 3172 stopie·
242 3104 371 3158 lateam
387 3105 596 3173 unumquodque
613 3120 641 3158 ee
658 3105 812 3172 respicienti
829 3105 946 3172 equatio,
966 3104 1096 3173 nupcias-

60 3229 63 3235 ,
115 3182 151 3233 ree
164 3173 210 3227 rel'
264 3176 382 3230 ewaics
399 3175 500 3245 capelo
518 3176 621 3244 reliquo
640 3176 752 3229 alarice
770 3176 880 3243 equalis,

10 3240 70 3322 [1th
169 3244 193 3312 2)
278 3263 375 3299 seems
397 3263 424 3314 p.
441 3251 490 3298 113
514 3245 544 3298 in
566 3247 635 3299 nota
656 3244 738 3300 dicit:
769 3245 873 3314 ,piperi
890 3244 1019 3297 Pnocnuu
1041 3261 1097 3299 noa

10 3312 72 3402 epti*
121 3315 192 3380 mici,
203 3333 249 3372 nec
261 3317 378 3371 multam
391 3317 488 3372 cclet.“
510 3316 616 3370 Tamen
626 3316 826 3370 advertendum
836 3317 886 3384 est,
901 3314 981 3368 illum
990 3314 1096 3369 locum:

18 3378 82 3456 alts'
126 3374 173 3437 Μ
190 3385 218 3440 ia
237 3388 321 3442 liuius
341 3387 428 3458 fipcrc
535 3394 560 3441 et
586 3388 743 3457 metientes
768 3388 885 3456 cooperit
911 3387 1097 3467 triaupcluoi“

75 3505 79 3509 .
128 3443 184 3529 (llll.
196 3472 255 3536 pag.
269 3461 358 3528 sequ.)
376 3474 488 3528 prorsus
508 3474 659 3528 congruere
679 3474 741 3511 eum
760 3458 1013 3525 demonstratione,
1027 3470 1103 3523 quae

10 3522 82 3604 nisset
129 3506 187 3575 lone
199 3543 227 3581 ιιι
243 3529 346 3584 scholis
366 3527 434 3582 duci
450 3528 530 3584 solet.
