<?xml version="1.0" encoding="UTF-8"?>
<!DOCTYPE html PUBLIC "-//W3C//DTD XHTML 1.0 Transitional//EN"
    "http://www.w3.org/TR/xhtml1/DTD/xhtml1-transitional.dtd">
<html xmlns="http://www.w3.org/1999/xhtml" xml:lang="en" lang="en">
 <head>
  <title>
</title>
<meta http-equiv="Content-Type" content="text/html;charset=utf-8" />
  <meta name='ocr-system' content='tesseract 3.04.00' />
  <meta name='ocr-capabilities' content='ocr_page ocr_carea ocr_par ocr_line ocrx_word'/>
</head>
<body>
  <div class='ocr_page' id='page_1' title='image "./euclidisoperaom14unkngoog_0205.png"; bbox 0 0 2316 3840; ppageno 0'>
   <div class='ocr_carea' id='block_1_1' title="bbox 91 166 818 235">
    <p class='ocr_par' dir='ltr' id='par_1_1' title="bbox 91 166 818 235">
     <span class='ocr_line' id='line_1_1' title="bbox 91 166 818 235; baseline 0 -11"><span class='ocrx_word' id='word_1_1' title='bbox 91 170 155 235; x_wconf 88' lang='grc'><strong><em>168</em></strong></span> <span class='ocrx_word' id='word_1_2' title='bbox 378 167 544 226; x_wconf 84' lang='lat' dir='ltr'><strong>ANARITII</strong></span> <span class='ocrx_word' id='word_1_3' title='bbox 562 166 818 224; x_wconf 83' lang='lat' dir='ltr'><strong>COMMENTARII</strong></span> 
     </span>
    </p>
   </div>
   <div class='ocr_carea' id='block_1_2' title="bbox 50 331 1115 2278">
    <p class='ocr_par' dir='ltr' id='par_1_2' title="bbox 50 331 1115 2278">
     <span class='ocr_line' id='line_1_2' title="bbox 91 331 1111 416; baseline 0.002 -18"><span class='ocrx_word' id='word_1_4' title='bbox 91 331 345 413; x_wconf 67' lang='lat' dir='ltr'><strong>compositionem,</strong></span> <span class='ocrx_word' id='word_1_5' title='bbox 380 339 417 397; x_wconf 88' lang='lat' dir='ltr'><strong><em>ad</em></strong></span> <span class='ocrx_word' id='word_1_6' title='bbox 440 341 494 414; x_wconf 86' lang='lat' dir='ltr'><strong><em>ab,</em></strong></span> <span class='ocrx_word' id='word_1_7' title='bbox 523 338 601 413; x_wconf 88' lang='lat' dir='ltr'><strong><em>quod</em></strong></span> <span class='ocrx_word' id='word_1_8' title='bbox 629 342 674 396; x_wconf 90' lang='lat' dir='ltr'><strong><em>est</em></strong></span> <span class='ocrx_word' id='word_1_9' title='bbox 701 339 887 414; x_wconf 87' lang='lat' dir='ltr'><strong><em>superfluitas</em></strong></span> <span class='ocrx_word' id='word_1_10' title='bbox 919 358 1011 416; x_wconf 91' lang='lat' dir='ltr'><strong><em>super</em></strong></span> <span class='ocrx_word' id='word_1_11' title='bbox 1040 361 1111 402; x_wconf 88' lang='lat' dir='ltr'><strong><em>con-</em></strong></span> 
     </span>
     <span class='ocr_line' id='line_1_3' title="bbox 90 427 766 504; baseline -0.001 -19"><span class='ocrx_word' id='word_1_12' title='bbox 90 447 229 502; x_wconf 81' lang='lat' dir='ltr'><strong><em>sequens,</em></strong></span> <span class='ocrx_word' id='word_1_13' title='bbox 253 431 298 486; x_wconf 90' lang='lat' dir='ltr'><strong><em>est</em></strong></span> <span class='ocrx_word' id='word_1_14' title='bbox 320 429 397 486; x_wconf 92' lang='lat' dir='ltr'><strong><em>sicut</em></strong></span> <span class='ocrx_word' id='word_1_15' title='bbox 418 427 572 504; x_wconf 82' lang='lat' dir='ltr'><strong>proportio</strong></span> <span class='ocrx_word' id='word_1_16' title='bbox 595 428 636 487; x_wconf 70' lang='lat' dir='ltr'><strong><em>aa</em></strong></span> <span class='ocrx_word' id='word_1_17' title='bbox 659 428 697 485; x_wconf 88' lang='lat' dir='ltr'><strong><em>ad</em></strong></span> <span class='ocrx_word' id='word_1_18' title='bbox 720 429 766 486; x_wconf 82' lang='lat' dir='ltr'><strong><em>cte.</em></strong></span> 
     </span>
     <span class='ocr_line' id='line_1_4' title="bbox 179 517 1113 590; baseline 0.006 -17"><span class='ocrx_word' id='word_1_19' title='bbox 179 517 331 590; x_wconf 77' lang='lat' dir='ltr'><strong>Propertio</strong></span> <span class='ocrx_word' id='word_1_20' title='bbox 364 519 527 590; x_wconf 74' lang='lat' dir='ltr'><em>equalitatis</em></span> <span class='ocrx_word' id='word_1_21' title='bbox 559 521 612 584; x_wconf 82' lang='lat' dir='ltr'><strong><em>est,</em></strong></span> <span class='ocrx_word' id='word_1_22' title='bbox 645 533 710 575; x_wconf 81' lang='lat' dir='ltr'><strong><em>cum</em></strong></span> <span class='ocrx_word' id='word_1_23' title='bbox 738 517 850 590; x_wconf 77' lang='lat' dir='ltr'><strong>fuerint</strong></span> <span class='ocrx_word' id='word_1_24' title='bbox 875 521 1057 590; x_wconf 74' lang='lat' dir='ltr'><strong><em>quantitates</em></strong></span> <span class='ocrx_word' id='word_1_25' title='bbox 1086 524 1113 579; x_wconf 87' lang='lat' dir='ltr'><strong><em>et</em></strong></span> 
     </span>
     <span class='ocr_line' id='line_1_5' title="bbox 92 607 1115 680; baseline 0.005 -16"><span class='ocrx_word' id='word_1_26' title='bbox 92 607 148 664; x_wconf 79' lang='lat' dir='ltr'><strong><em>atie</em></strong></span> <span class='ocrx_word' id='word_1_27' title='bbox 179 607 337 664; x_wconf 75' lang='lat' dir='ltr'><strong><em>secumdum</em></strong></span> <span class='ocrx_word' id='word_1_28' title='bbox 364 607 485 666; x_wconf 65' lang='lat' dir='ltr'><strong><em>eaedem</em></strong></span> <span class='ocrx_word' id='word_1_29' title='bbox 510 623 678 673; x_wconf 72' lang='lat' dir='ltr'><strong><em>remancre,</em></strong></span> <span class='ocrx_word' id='word_1_30' title='bbox 711 608 737 664; x_wconf 89' lang='lat' dir='ltr'><strong><em>et</em></strong></span> <span class='ocrx_word' id='word_1_31' title='bbox 763 623 828 664; x_wconf 80' lang='lat' dir='ltr'><strong><em>curu</em></strong></span> <span class='ocrx_word' id='word_1_32' title='bbox 854 611 971 680; x_wconf 80' lang='lat' dir='ltr'><strong><em>sumpte</em></strong></span> <span class='ocrx_word' id='word_1_33' title='bbox 995 608 1115 680; x_wconf 76' lang='lat' dir='ltr'><strong>suerint</strong></span> 
     </span>
     <span class='ocr_line' id='line_1_6' title="bbox 62 688 1112 772; baseline 0.009 -24"><span class='ocrx_word' id='word_1_34' title='bbox 62 696 147 752; x_wconf 75' lang='lat' dir='ltr'><strong><em>adae</em></strong></span> <span class='ocrx_word' id='word_1_35' title='bbox 182 697 271 753; x_wconf 77' lang='lat' dir='ltr'><strong><em>entes</em></strong></span> <span class='ocrx_word' id='word_1_36' title='bbox 302 698 414 768; x_wconf 78' lang='lat' dir='ltr'><strong><em>partie,</em></strong></span> <span class='ocrx_word' id='word_1_37' title='bbox 451 688 546 772; x_wconf 71' lang='lat' dir='ltr'><strong><em>(que)</em></strong></span> <span class='ocrx_word' id='word_1_38' title='bbox 582 698 668 753; x_wconf 76' lang='lat' dir='ltr'><strong><em>aaut</em></strong></span> <span class='ocrx_word' id='word_1_39' title='bbox 702 695 859 754; x_wconf 73' lang='lat' dir='ltr'><strong><em>secuudum</em></strong></span> <span class='ocrx_word' id='word_1_40' title='bbox 884 699 1112 769; x_wconf 73' lang='lat' dir='ltr'><strong><em>proportionem</em></strong></span> 
     </span>
     <span class='ocr_line' id='line_1_7' title="bbox 91 783 1115 857; baseline 0.005 -16"><span class='ocrx_word' id='word_1_41' title='bbox 91 785 219 841; x_wconf 81' lang='lat' dir='ltr'><strong><em>duarum</em></strong></span> <span class='ocrx_word' id='word_1_42' title='bbox 255 784 376 842; x_wconf 79' lang='lat' dir='ltr'><strong><em>alterius</em></strong></span> <span class='ocrx_word' id='word_1_43' title='bbox 406 786 518 857; x_wconf 80' lang='lat' dir='ltr'><strong>partis,</strong></span> <span class='ocrx_word' id='word_1_44' title='bbox 560 787 587 841; x_wconf 90' lang='lat' dir='ltr'><strong><em>et</em></strong></span> <span class='ocrx_word' id='word_1_45' title='bbox 621 787 732 856; x_wconf 85' lang='lat' dir='ltr'><strong><em>accepte</em></strong></span> <span class='ocrx_word' id='word_1_46' title='bbox 766 783 878 856; x_wconf 75' lang='lat' dir='ltr'><strong>fuerint</strong></span> <span class='ocrx_word' id='word_1_47' title='bbox 914 788 1115 846; x_wconf 74' lang='lat' dir='ltr'><strong><em>extremitates</em></strong></span> 
     </span>
     <span class='ocr_line' id='line_1_8' title="bbox 91 863 681 952; baseline 0 -22"><span class='ocrx_word' id='word_1_48' title='bbox 91 873 208 930; x_wconf 80' lang='lat' dir='ltr'><strong><em>obtectis</em></strong></span> <span class='ocrx_word' id='word_1_49' title='bbox 230 873 302 941; x_wconf 65' lang='lat' dir='ltr'><strong><em>tutte,</em></strong></span> <span class='ocrx_word' id='word_1_50' title='bbox 326 890 380 945; x_wconf 79' lang='lat' dir='ltr'><strong><em>que</em></strong></span> <span class='ocrx_word' id='word_1_51' title='bbox 402 877 472 930; x_wconf 81' lang='lat' dir='ltr'><strong><em>suot</em></strong></span> <span class='ocrx_word' id='word_1_52' title='bbox 492 875 525 931; x_wconf 78' lang='lat' dir='ltr'><strong><em>tu</em></strong></span> <span class='ocrx_word' id='word_1_53' title='bbox 546 872 646 930; x_wconf 77' lang='lat' dir='ltr'><strong><em>madeo</em></strong></span> <span class='ocrx_word' id='word_1_54' title='bbox 655 863 681 952; x_wconf 87' lang='lat'><strong><em>¹)</em></strong></span> 
     </span>
     <span class='ocr_line' id='line_1_9' title="bbox 179 960 1111 1036; baseline 0.004 -18"><span class='ocrx_word' id='word_1_55' title='bbox 179 961 275 1036; x_wconf 84' lang='lat' dir='ltr'>Dixit,</span> <span class='ocrx_word' id='word_1_56' title='bbox 301 962 392 1036; x_wconf 88' lang='lat' dir='ltr'><strong><em>quod,</em></strong></span> <span class='ocrx_word' id='word_1_57' title='bbox 416 980 482 1018; x_wconf 89' lang='lat' dir='ltr'><strong><em>cum</em></strong></span> <span class='ocrx_word' id='word_1_58' title='bbox 505 963 625 1036; x_wconf 87' lang='lat' dir='ltr'><strong><em>accepte</em></strong></span> <span class='ocrx_word' id='word_1_59' title='bbox 647 960 760 1018; x_wconf 89' lang='lat' dir='ltr'><strong>fuerint</strong></span> <span class='ocrx_word' id='word_1_60' title='bbox 783 961 971 1035; x_wconf 75' lang='lat' dir='ltr'><strong><em>quantitates</em></strong></span> <span class='ocrx_word' id='word_1_61' title='bbox 995 965 1027 1020; x_wconf 90' lang='lat' dir='ltr'><strong><em>et</em></strong></span> <span class='ocrx_word' id='word_1_62' title='bbox 1052 964 1111 1022; x_wconf 88' lang='lat' dir='ltr'><strong><em>alio</em></strong></span> 
     </span>
     <span class='ocr_line' id='line_1_10' title="bbox 91 1049 1111 1128; baseline 0.004 -22"><span class='ocrx_word' id='word_1_63' title='bbox 91 1049 284 1125; x_wconf 80' lang='lat' dir='ltr'><strong><em>quantitates,</em></strong></span> <span class='ocrx_word' id='word_1_64' title='bbox 309 1069 435 1125; x_wconf 86' lang='lat' dir='ltr'><strong><em>quarum</em></strong></span> <span class='ocrx_word' id='word_1_65' title='bbox 458 1069 572 1125; x_wconf 91' lang='lat' dir='ltr'><strong><em>queque</em></strong></span> <span class='ocrx_word' id='word_1_66' title='bbox 596 1049 652 1107; x_wconf 88' lang='lat' dir='ltr'><strong><em>due</em></strong></span> <span class='ocrx_word' id='word_1_67' title='bbox 674 1049 838 1124; x_wconf 87' lang='lat' dir='ltr'><strong>primarum</strong></span> <span class='ocrx_word' id='word_1_68' title='bbox 856 1051 1022 1110; x_wconf 85' lang='lat' dir='ltr'><strong><em>secundum</em></strong></span> <span class='ocrx_word' id='word_1_69' title='bbox 1041 1072 1111 1128; x_wconf 90' lang='lat' dir='ltr'><strong>pro·</strong></span> 
     </span>
     <span class='ocr_line' id='line_1_11' title="bbox 51 1137 1112 1216; baseline 0.008 -25"><span class='ocrx_word' id='word_1_70' title='bbox 51 1152 78 1191; x_wconf 77' lang='grc' dir='ltr'><strong><em>ιο</em></strong></span> <span class='ocrx_word' id='word_1_71' title='bbox 92 1139 259 1214; x_wconf 88' lang='lat' dir='ltr'><strong>portionem</strong></span> <span class='ocrx_word' id='word_1_72' title='bbox 287 1154 469 1214; x_wconf 85' lang='lat' dir='ltr'><strong><em>quarumque</em></strong></span> <span class='ocrx_word' id='word_1_73' title='bbox 498 1138 623 1196; x_wconf 81' lang='lat' dir='ltr'><strong><em>duamm</em></strong></span> <span class='ocrx_word' id='word_1_74' title='bbox 646 1137 785 1214; x_wconf 60' lang='lat' dir='ltr'><strong><em>aliarum</em></strong></span> <span class='ocrx_word' id='word_1_75' title='bbox 813 1139 970 1214; x_wconf 83' lang='lat' dir='ltr'><strong>proportio</strong></span> <span class='ocrx_word' id='word_1_76' title='bbox 995 1142 1112 1216; x_wconf 87' lang='lat' dir='ltr'><strong><em>equali·</em></strong></span> 
     </span>
     <span class='ocr_line' id='line_1_12' title="bbox 91 1227 635 1303; baseline -0.002 -18"><span class='ocrx_word' id='word_1_77' title='bbox 91 1228 164 1285; x_wconf 90' lang='lat' dir='ltr'><strong><em>tatis</em></strong></span> <span class='ocrx_word' id='word_1_78' title='bbox 207 1228 264 1286; x_wconf 92' lang='lat' dir='ltr'><strong>erit</strong></span> <span class='ocrx_word' id='word_1_79' title='bbox 304 1227 458 1303; x_wconf 89' lang='lat' dir='ltr'><strong>proportio</strong></span> <span class='ocrx_word' id='word_1_80' title='bbox 500 1227 635 1286; x_wconf 84' lang='lat' dir='ltr'><strong>extremi-</strong></span> 
     </span>
     <span class='ocr_line' id='line_1_13' title="bbox 90 1307 1084 1419; baseline 0 -45"><span class='ocrx_word' id='word_1_81' title='bbox 90 1319 197 1374; x_wconf 86' lang='lat' dir='ltr'><strong><em>tatum.</em></strong></span> <span class='ocrx_word' id='word_1_82' title='bbox 263 1316 355 1374; x_wconf 87' lang='lat' dir='ltr'><strong>Verbi</strong></span> <span class='ocrx_word' id='word_1_83' title='bbox 395 1317 502 1393; x_wconf 81' lang='lat' dir='ltr'><strong><em>gratia.</em></strong></span> <span class='ocrx_word' id='word_1_84' title='bbox 569 1314 636 1373; x_wconf 86' lang='lat' dir='ltr'><strong>Sint</strong></span> <span class='ocrx_word' id='word_1_85' title='bbox 731 1378 733 1415; x_wconf 63' lang='grc' dir='ltr'>Ι</span> <span class='ocrx_word' id='word_1_86' title='bbox 800 1307 819 1360; x_wconf 69' lang='lat' dir='ltr'><em>d</em></span> <span class='ocrx_word' id='word_1_87' title='bbox 923 1379 926 1416; x_wconf 64' lang='grc' dir='ltr'>Ι</span> <span class='ocrx_word' id='word_1_88' title='bbox 964 1328 1084 1419; x_wconf 49' lang='lat' dir='ltr'><strong><em>&#39;L&#39;</em></strong></span> 
     </span>
     <span class='ocr_line' id='line_1_14' title="bbox 92 1405 636 1480; baseline -0.002 -17"><span class='ocrx_word' id='word_1_89' title='bbox 92 1405 274 1480; x_wconf 81' lang='lat' dir='ltr'><strong><em>quantitates</em></strong></span> <span class='ocrx_word' id='word_1_90' title='bbox 303 1405 397 1480; x_wconf 90' lang='lat' dir='ltr'><strong>prime</strong></span> <span class='ocrx_word' id='word_1_91' title='bbox 426 1423 458 1480; x_wconf 81' lang='lat' dir='ltr'><strong><em>a,</em></strong></span> <span class='ocrx_word' id='word_1_92' title='bbox 486 1407 515 1473; x_wconf 84' lang='lat' dir='ltr'><strong><em>b,</em></strong></span> <span class='ocrx_word' id='word_1_93' title='bbox 541 1425 573 1479; x_wconf 74' lang='lat' dir='ltr'><strong><em>q,</em></strong></span> <span class='ocrx_word' id='word_1_94' title='bbox 606 1406 636 1462; x_wconf 93' lang='lat' dir='ltr'><strong><em>et</em></strong></span> 
     </span>
     <span class='ocr_line' id='line_1_15' title="bbox 90 1490 1113 1597; baseline 0.001 -46"><span class='ocrx_word' id='word_1_95' title='bbox 90 1497 238 1570; x_wconf 83' lang='lat' dir='ltr'><strong>postrema</strong></span> <span class='ocrx_word' id='word_1_96' title='bbox 266 1496 297 1568; x_wconf 81' lang='lat' dir='ltr'><strong><em>d,</em></strong></span> <span class='ocrx_word' id='word_1_97' title='bbox 326 1511 352 1569; x_wconf 82' lang='lat' dir='ltr'><strong><em>e,</em></strong></span> <span class='ocrx_word' id='word_1_98' title='bbox 379 1511 407 1569; x_wconf 77' lang='lat' dir='ltr'><strong><em>e,</em></strong></span> <span class='ocrx_word' id='word_1_99' title='bbox 441 1497 471 1551; x_wconf 93' lang='lat' dir='ltr'><strong><em>et</em></strong></span> <span class='ocrx_word' id='word_1_100' title='bbox 502 1493 542 1552; x_wconf 90' lang='lat' dir='ltr'><strong><em>sit</em></strong></span> <span class='ocrx_word' id='word_1_101' title='bbox 567 1512 635 1570; x_wconf 91' lang='lat' dir='ltr'><strong>pro·</strong></span> <span class='ocrx_word' id='word_1_102' title='bbox 677 1555 680 1592; x_wconf 66' lang='grc' dir='ltr'>Ι</span> <span class='ocrx_word' id='word_1_103' title='bbox 805 1502 818 1538; x_wconf 71' lang='grc' dir='ltr'><em>θ</em></span> <span class='ocrx_word' id='word_1_104' title='bbox 923 1558 926 1593; x_wconf 48' lang='lat' dir='ltr'>l</span> <span class='ocrx_word' id='word_1_105' title='bbox 964 1490 1113 1597; x_wconf 21' lang='lat' dir='ltr'>&#39;’j-¹</span> 
     </span>
     <span class='ocr_line' id='line_1_16' title="bbox 50 1583 637 1657; baseline 0.009 -22"><span class='ocrx_word' id='word_1_106' title='bbox 50 1595 76 1635; x_wconf 84' lang='lat'><strong><em>15</em></strong></span> <span class='ocrx_word' id='word_1_107' title='bbox 89 1583 188 1657; x_wconf 91' lang='lat' dir='ltr'><strong>portio</strong></span> <span class='ocrx_word' id='word_1_108' title='bbox 216 1583 341 1640; x_wconf 87' lang='lat' dir='ltr'><strong><em>duarum</em></strong></span> <span class='ocrx_word' id='word_1_109' title='bbox 370 1583 534 1657; x_wconf 85' lang='lat' dir='ltr'><strong>primarum</strong></span> <span class='ocrx_word' id='word_1_110' title='bbox 560 1583 637 1640; x_wconf 93' lang='lat' dir='ltr'><strong><em>sicut</em></strong></span> 
     </span>
     <span class='ocr_line' id='line_1_17' title="bbox 90 1671 1046 1771; baseline 0.001 -43"><span class='ocrx_word' id='word_1_111' title='bbox 90 1672 245 1746; x_wconf 90' lang='lat' dir='ltr'><strong>proportio</strong></span> <span class='ocrx_word' id='word_1_112' title='bbox 265 1671 390 1729; x_wconf 89' lang='lat' dir='ltr'><strong><em>duarum</em></strong></span> <span class='ocrx_word' id='word_1_113' title='bbox 409 1674 636 1747; x_wconf 87' lang='lat' dir='ltr'><strong>postremarum,</strong></span> <span class='ocrx_word' id='word_1_114' title='bbox 756 1733 759 1769; x_wconf 65' lang='grc' dir='ltr'>Ι</span> <span class='ocrx_word' id='word_1_115' title='bbox 803 1677 818 1716; x_wconf 66' lang='lat'><em>2</em></span> <span class='ocrx_word' id='word_1_116' title='bbox 922 1735 925 1771; x_wconf 58' lang='grc' dir='ltr'>Ι</span> <span class='ocrx_word' id='word_1_117' title='bbox 964 1736 1046 1771; x_wconf 48' lang='grc'><strong><em>1-</em></strong></span> 
     </span>
     <span class='ocr_line' id='line_1_18' title="bbox 91 1738 1058 1835; baseline 0.003 -19"><span class='ocrx_word' id='word_1_118' title='bbox 91 1760 203 1817; x_wconf 87' lang='lat' dir='ltr'><strong><em>soilicet</em></strong></span> <span class='ocrx_word' id='word_1_119' title='bbox 229 1761 383 1835; x_wconf 90' lang='lat' dir='ltr'><strong>proportio</strong></span> <span class='ocrx_word' id='word_1_120' title='bbox 407 1779 427 1818; x_wconf 86' lang='lat' dir='ltr'><strong><em>a</em></strong></span> <span class='ocrx_word' id='word_1_121' title='bbox 454 1761 492 1818; x_wconf 88' lang='lat' dir='ltr'><strong><em>ad</em></strong></span> <span class='ocrx_word' id='word_1_122' title='bbox 515 1761 531 1816; x_wconf 87' lang='lat' dir='ltr'><strong>b</strong></span> <span class='ocrx_word' id='word_1_123' title='bbox 560 1760 636 1818; x_wconf 91' lang='lat' dir='ltr'><strong><em>sicut</em></strong></span> <span class='ocrx_word' id='word_1_124' title='bbox 1055 1738 1058 1773; x_wconf 64' lang='grc' dir='ltr'>Ι</span> 
     </span>
     <span class='ocr_line' id='line_1_19' title="bbox 90 1848 1114 1926; baseline 0.007 -22"><span class='ocrx_word' id='word_1_125' title='bbox 90 1848 244 1923; x_wconf 89' lang='lat' dir='ltr'><strong>proportio</strong></span> <span class='ocrx_word' id='word_1_126' title='bbox 268 1850 287 1906; x_wconf 79' lang='lat' dir='ltr'><strong><em>et</em></strong></span> <span class='ocrx_word' id='word_1_127' title='bbox 311 1849 349 1907; x_wconf 85' lang='lat' dir='ltr'><strong><em>ad</em></strong></span> <span class='ocrx_word' id='word_1_128' title='bbox 372 1868 398 1924; x_wconf 76' lang='lat' dir='ltr'><strong><em>e,</em></strong></span> <span class='ocrx_word' id='word_1_129' title='bbox 427 1853 456 1907; x_wconf 92' lang='lat' dir='ltr'><strong><em>et</em></strong></span> <span class='ocrx_word' id='word_1_130' title='bbox 483 1849 636 1924; x_wconf 91' lang='lat' dir='ltr'><strong>proportio</strong></span> <span class='ocrx_word' id='word_1_131' title='bbox 662 1849 678 1904; x_wconf 86' lang='lat' dir='ltr'><strong>b</strong></span> <span class='ocrx_word' id='word_1_132' title='bbox 706 1848 784 1922; x_wconf 79' lang='lat' dir='ltr'><strong><em>adq</em></strong></span> <span class='ocrx_word' id='word_1_133' title='bbox 811 1849 888 1907; x_wconf 87' lang='lat' dir='ltr'><strong><em>sieut</em></strong></span> <span class='ocrx_word' id='word_1_134' title='bbox 910 1852 1074 1926; x_wconf 86' lang='lat' dir='ltr'><strong>proportio</strong></span> <span class='ocrx_word' id='word_1_135' title='bbox 1098 1870 1114 1911; x_wconf 89' lang='lat' dir='ltr'><strong><em>e</em></strong></span> 
     </span>
     <span class='ocr_line' id='line_1_20' title="bbox 91 1935 1113 2016; baseline 0.007 -23"><span class='ocrx_word' id='word_1_136' title='bbox 91 1936 129 1993; x_wconf 88' lang='lat' dir='ltr'><strong><em>ad</em></strong></span> <span class='ocrx_word' id='word_1_137' title='bbox 151 1955 175 1996; x_wconf 74' lang='lat' dir='ltr'><strong><em>a.</em></strong></span> <span class='ocrx_word' id='word_1_138' title='bbox 231 1935 304 1995; x_wconf 80' lang='lat' dir='ltr'><strong><em>Cum</em></strong></span> <span class='ocrx_word' id='word_1_139' title='bbox 332 1958 402 2015; x_wconf 84' lang='lat' dir='ltr'><strong>ergo</strong></span> <span class='ocrx_word' id='word_1_140' title='bbox 428 1937 644 1997; x_wconf 83' lang='lat' dir='ltr'><strong>removebimus</strong></span> <span class='ocrx_word' id='word_1_141' title='bbox 671 1955 718 2011; x_wconf 82' lang='lat' dir='ltr'><strong><em>ea,</em></strong></span> <span class='ocrx_word' id='word_1_142' title='bbox 752 1957 808 2012; x_wconf 92' lang='lat' dir='ltr'><strong><em>qne</em></strong></span> <span class='ocrx_word' id='word_1_143' title='bbox 836 1940 907 1995; x_wconf 91' lang='lat' dir='ltr'><strong><em>sunt</em></strong></span> <span class='ocrx_word' id='word_1_144' title='bbox 938 1938 971 1996; x_wconf 92' lang='lat' dir='ltr'><strong>in</strong></span> <span class='ocrx_word' id='word_1_145' title='bbox 1000 1941 1113 2016; x_wconf 85' lang='lat' dir='ltr'><strong>medio,</strong></span> 
     </span>
     <span class='ocr_line' id='line_1_21' title="bbox 51 2025 1113 2105; baseline 0.008 -25"><span class='ocrx_word' id='word_1_146' title='bbox 51 2041 78 2080; x_wconf 81' lang='lat' dir='ltr'><strong><em>eo</em></strong></span> <span class='ocrx_word' id='word_1_147' title='bbox 92 2026 148 2082; x_wconf 87' lang='lat' dir='ltr'><strong>erit</strong></span> <span class='ocrx_word' id='word_1_148' title='bbox 171 2026 324 2100; x_wconf 89' lang='lat' dir='ltr'><strong>proportio</strong></span> <span class='ocrx_word' id='word_1_149' title='bbox 348 2045 367 2085; x_wconf 84' lang='lat' dir='ltr'><strong><em>a</em></strong></span> <span class='ocrx_word' id='word_1_150' title='bbox 390 2026 464 2099; x_wconf 78' lang='lat' dir='ltr'><strong><em>adq</em></strong></span> <span class='ocrx_word' id='word_1_151' title='bbox 487 2027 563 2085; x_wconf 88' lang='lat' dir='ltr'><strong><em>sicut</em></strong></span> <span class='ocrx_word' id='word_1_152' title='bbox 585 2025 738 2102; x_wconf 86' lang='lat' dir='ltr'><strong>proportio</strong></span> <span class='ocrx_word' id='word_1_153' title='bbox 758 2027 778 2084; x_wconf 82' lang='lat' dir='ltr'><strong><em>ct</em></strong></span> <span class='ocrx_word' id='word_1_154' title='bbox 800 2026 838 2084; x_wconf 88' lang='lat' dir='ltr'><strong><em>ad</em></strong></span> <span class='ocrx_word' id='word_1_155' title='bbox 855 2045 884 2100; x_wconf 66' lang='lat'><strong><em>23</em></strong></span> <span class='ocrx_word' id='word_1_156' title='bbox 909 2029 940 2085; x_wconf 92' lang='lat' dir='ltr'><strong><em>et</em></strong></span> <span class='ocrx_word' id='word_1_157' title='bbox 960 2028 1113 2105; x_wconf 85' lang='lat' dir='ltr'><strong>similiter,</strong></span> 
     </span>
     <span class='ocr_line' id='line_1_22' title="bbox 92 2115 653 2190; baseline 0.004 -19"><span class='ocrx_word' id='word_1_158' title='bbox 92 2115 116 2172; x_wconf 91' lang='lat' dir='ltr'><strong><em>si</em></strong></span> <span class='ocrx_word' id='word_1_159' title='bbox 140 2118 226 2173; x_wconf 87' lang='lat' dir='ltr'><strong>erunt</strong></span> <span class='ocrx_word' id='word_1_160' title='bbox 249 2116 433 2190; x_wconf 84' lang='lat' dir='ltr'><strong><em>quantitates</em></strong></span> <span class='ocrx_word' id='word_1_161' title='bbox 456 2116 556 2190; x_wconf 88' lang='lat' dir='ltr'><strong>plures</strong></span> <span class='ocrx_word' id='word_1_162' title='bbox 578 2115 653 2173; x_wconf 82' lang='lat' dir='ltr'><strong>istis</strong></span> 
     </span>
     <span class='ocr_line' id='line_1_23' title="bbox 179 2205 1113 2278; baseline 0.005 -16"><span class='ocrx_word' id='word_1_163' title='bbox 179 2205 275 2262; x_wconf 87' lang='lat' dir='ltr'><strong>Dixit:</strong></span> <span class='ocrx_word' id='word_1_164' title='bbox 298 2205 559 2278; x_wconf 79' lang='lat' dir='ltr'><strong>Propertioaotitas</strong></span> <span class='ocrx_word' id='word_1_165' title='bbox 583 2206 721 2263; x_wconf 71' lang='lat' dir='ltr'><strong><em>ordinata</em></strong></span> <span class='ocrx_word' id='word_1_166' title='bbox 744 2208 796 2271; x_wconf 84' lang='lat' dir='ltr'><strong><em>est,</em></strong></span> <span class='ocrx_word' id='word_1_167' title='bbox 825 2222 890 2262; x_wconf 80' lang='lat' dir='ltr'><strong><em>euru</em></strong></span> <span class='ocrx_word' id='word_1_168' title='bbox 911 2205 1007 2278; x_wconf 80' lang='lat' dir='ltr'><strong>fuerit</strong></span> <span class='ocrx_word' id='word_1_169' title='bbox 1031 2213 1113 2267; x_wconf 78' lang='lat' dir='ltr'><strong><em>aute-</em></strong></span> 
     </span>
    </p>
   </div>
   <div class='ocr_carea' id='block_1_3' title="bbox 51 2287 996 2811">
    <p class='ocr_par' dir='ltr' id='par_1_3' title="bbox 51 2287 996 2811">
     <span class='ocr_line' id='line_1_24' title="bbox 91 2287 996 2371; baseline 0.001 -20"><span class='ocrx_word' id='word_1_170' title='bbox 91 2295 191 2352; x_wconf 82' lang='lat' dir='ltr'><strong><em>eedeus</em></strong></span> <span class='ocrx_word' id='word_1_171' title='bbox 214 2295 254 2352; x_wconf 84' lang='lat' dir='ltr'><strong><em>ad</em></strong></span> <span class='ocrx_word' id='word_1_172' title='bbox 276 2311 450 2366; x_wconf 78' lang='lat' dir='ltr'><strong><em>consequeus</em></strong></span> <span class='ocrx_word' id='word_1_173' title='bbox 472 2297 499 2351; x_wconf 90' lang='lat' dir='ltr'><strong><em>et</em></strong></span> <span class='ocrx_word' id='word_1_174' title='bbox 520 2309 693 2366; x_wconf 64' lang='lat' dir='ltr'><strong><em>macareus</em></strong></span> <span class='ocrx_word' id='word_1_175' title='bbox 717 2293 757 2350; x_wconf 83' lang='lat' dir='ltr'><strong><em>ad</em></strong></span> <span class='ocrx_word' id='word_1_176' title='bbox 778 2310 840 2351; x_wconf 83' lang='lat' dir='ltr'><strong><em>rem</em></strong></span> <span class='ocrx_word' id='word_1_177' title='bbox 862 2287 996 2371; x_wconf 79' lang='lat' dir='ltr'><strong><em>attam.²)</em></strong></span> 
     </span>
     <span class='ocr_line' id='line_1_25' title="bbox 179 2380 638 2460; baseline 0.004 -22"><span class='ocrx_word' id='word_1_178' title='bbox 179 2382 271 2440; x_wconf 91' lang='lat' dir='ltr'><strong>Verbi</strong></span> <span class='ocrx_word' id='word_1_179' title='bbox 303 2383 409 2460; x_wconf 84' lang='lat' dir='ltr'><strong><em>gratia.</em></strong></span> <span class='ocrx_word' id='word_1_180' title='bbox 465 2380 532 2440; x_wconf 86' lang='lat' dir='ltr'><strong>Sint</strong></span> <span class='ocrx_word' id='word_1_181' title='bbox 559 2401 578 2440; x_wconf 85' lang='lat' dir='ltr'><strong><em>a</em></strong></span> <span class='ocrx_word' id='word_1_182' title='bbox 609 2385 638 2440; x_wconf 89' lang='lat' dir='ltr'><strong><em>et</em></strong></span> 
     </span>
     <span class='ocr_line' id='line_1_26' title="bbox 51 2470 638 2546; baseline 0.007 -23"><span class='ocrx_word' id='word_1_183' title='bbox 51 2470 109 2527; x_wconf 74' lang='lat' dir='ltr'><strong><em>aab</em></strong></span> <span class='ocrx_word' id='word_1_184' title='bbox 133 2471 352 2546; x_wconf 77' lang='lat' dir='ltr'><strong><em>antecedentes,</em></strong></span> <span class='ocrx_word' id='word_1_185' title='bbox 381 2474 411 2529; x_wconf 90' lang='lat' dir='ltr'><strong><em>et</em></strong></span> <span class='ocrx_word' id='word_1_186' title='bbox 431 2490 451 2544; x_wconf 75' lang='lat' dir='ltr'><strong><em>q</em></strong></span> <span class='ocrx_word' id='word_1_187' title='bbox 479 2472 508 2527; x_wconf 91' lang='lat' dir='ltr'><strong><em>et</em></strong></span> <span class='ocrx_word' id='word_1_188' title='bbox 531 2472 551 2529; x_wconf 82' lang='lat' dir='ltr'><strong><em>ct</em></strong></span> <span class='ocrx_word' id='word_1_189' title='bbox 577 2471 638 2528; x_wconf 89' lang='lat' dir='ltr'><strong>sint</strong></span> 
     </span>
     <span class='ocr_line' id='line_1_27' title="bbox 92 2558 638 2633; baseline 0.002 -18"><span class='ocrx_word' id='word_1_190' title='bbox 92 2562 313 2633; x_wconf 83' lang='lat' dir='ltr'><strong><em>consequentes,</em></strong></span> <span class='ocrx_word' id='word_1_191' title='bbox 338 2562 368 2617; x_wconf 91' lang='lat' dir='ltr'><strong><em>et</em></strong></span> <span class='ocrx_word' id='word_1_192' title='bbox 387 2578 401 2618; x_wconf 90' lang='lat' dir='ltr'><strong><em>e</em></strong></span> <span class='ocrx_word' id='word_1_193' title='bbox 420 2562 450 2617; x_wconf 90' lang='lat' dir='ltr'><strong><em>et</em></strong></span> <span class='ocrx_word' id='word_1_194' title='bbox 467 2578 483 2619; x_wconf 77' lang='lat' dir='ltr'><strong><em>a</em></strong></span> <span class='ocrx_word' id='word_1_195' title='bbox 501 2558 561 2617; x_wconf 90' lang='lat' dir='ltr'><strong>sint</strong></span> <span class='ocrx_word' id='word_1_196' title='bbox 579 2559 638 2617; x_wconf 88' lang='lat' dir='ltr'><strong><em>alie</em></strong></span> 
     </span>
     <span class='ocr_line' id='line_1_28' title="bbox 93 2645 636 2725; baseline 0.007 -23"><span class='ocrx_word' id='word_1_197' title='bbox 93 2645 149 2703; x_wconf 90' lang='lat' dir='ltr'><strong><em>due</em></strong></span> <span class='ocrx_word' id='word_1_198' title='bbox 171 2667 231 2704; x_wconf 89' lang='lat' dir='ltr'><strong>res:</strong></span> <span class='ocrx_word' id='word_1_199' title='bbox 256 2647 321 2705; x_wconf 83' lang='lat' dir='ltr'><strong>dico</strong></span> <span class='ocrx_word' id='word_1_200' title='bbox 344 2648 444 2725; x_wconf 82' lang='lat' dir='ltr'><strong>igitur,</strong></span> <span class='ocrx_word' id='word_1_201' title='bbox 468 2649 547 2723; x_wconf 88' lang='lat' dir='ltr'><strong><em>quod</em></strong></span> <span class='ocrx_word' id='word_1_202' title='bbox 569 2667 636 2723; x_wconf 93' lang='lat' dir='ltr'><strong>pro·</strong></span> 
     </span>
     <span class='ocr_line' id='line_1_29' title="bbox 91 2735 637 2811; baseline 0.004 -19"><span class='ocrx_word' id='word_1_203' title='bbox 91 2735 189 2809; x_wconf 89' lang='lat' dir='ltr'><strong>portio</strong></span> <span class='ocrx_word' id='word_1_204' title='bbox 209 2754 228 2794; x_wconf 86' lang='lat' dir='ltr'><strong><em>a</em></strong></span> <span class='ocrx_word' id='word_1_205' title='bbox 251 2737 452 2795; x_wconf 88' lang='lat' dir='ltr'><strong><em>antecedentis</em></strong></span> <span class='ocrx_word' id='word_1_206' title='bbox 471 2737 546 2811; x_wconf 74' lang='lat' dir='ltr'><strong><em>adp</em></strong></span> <span class='ocrx_word' id='word_1_207' title='bbox 569 2755 637 2795; x_wconf 87' lang='lat' dir='ltr'><strong><em>eon-</em></strong></span> 
     </span>
    </p>
   </div>
   <div class='ocr_carea' id='block_1_4' title="bbox 92 2871 1112 3154">
    <p class='ocr_par' dir='ltr' id='par_1_4' title="bbox 92 2871 1112 3154">
     <span class='ocr_line' id='line_1_30' title="bbox 182 2871 761 2941; baseline 0.007 -21"><span class='ocrx_word' id='word_1_208' title='bbox 182 2874 266 2923; x_wconf 77' lang='lat'>1-2.</span> <span class='ocrx_word' id='word_1_209' title='bbox 293 2873 516 2938; x_wconf 88' lang='lat' dir='ltr'><strong><em>consequentem.</em></strong></span> <span class='ocrx_word' id='word_1_210' title='bbox 565 2871 638 2941; x_wconf 74' lang='lat' dir='ltr'><strong><em>Qree&#39;a</em></strong></span> <span class='ocrx_word' id='word_1_211' title='bbox 758 2887 761 2924; x_wconf 86' lang='grc' dir='ltr'><strong>ι</strong></span> 
     </span>
     <span class='ocr_line' id='line_1_31' title="bbox 92 2939 639 3011; baseline 0.007 -20"><span class='ocrx_word' id='word_1_212' title='bbox 92 2939 260 2993; x_wconf 84' lang='lat' dir='ltr'><strong><em>antecedens</em></strong></span> <span class='ocrx_word' id='word_1_213' title='bbox 297 2947 322 2996; x_wconf 89' lang='lat' dir='ltr'><strong><em>et</em></strong></span> <span class='ocrx_word' id='word_1_214' title='bbox 358 2957 528 3009; x_wconf 87' lang='lat' dir='ltr'><strong><em>consequens</em></strong></span> <span class='ocrx_word' id='word_1_215' title='bbox 562 2942 639 3011; x_wconf 74' lang='lat' dir='ltr'><strong><em>apeed</em></strong></span> 
     </span>
     <span class='ocr_line' id='line_1_32' title="bbox 92 3009 1112 3080; baseline 0.008 -18"><span class='ocrx_word' id='word_1_216' title='bbox 92 3009 261 3064; x_wconf 71' lang='lat' dir='ltr'><strong><em>Gariannum</em></strong></span> <span class='ocrx_word' id='word_1_217' title='bbox 270 3028 372 3080; x_wconf 80' lang='lat' dir='ltr'><strong><em>semper</em></strong></span> <span class='ocrx_word' id='word_1_218' title='bbox 380 3019 479 3067; x_wconf 76' lang='lat' dir='ltr'><strong><em>neutra</em></strong></span> <span class='ocrx_word' id='word_1_219' title='bbox 488 3019 561 3080; x_wconf 80' lang='lat' dir='ltr'><strong><em>ewat,</em></strong></span> <span class='ocrx_word' id='word_1_220' title='bbox 570 3019 595 3067; x_wconf 83' lang='lat' dir='ltr'><strong><em>et</em></strong></span> <span class='ocrx_word' id='word_1_221' title='bbox 603 3014 647 3066; x_wconf 82' lang='lat' dir='ltr'><strong><em>bic</em></strong></span> <span class='ocrx_word' id='word_1_222' title='bbox 656 3013 726 3066; x_wconf 83' lang='lat' dir='ltr'><strong><em>talia</em></strong></span> <span class='ocrx_word' id='word_1_223' title='bbox 735 3014 825 3080; x_wconf 77' lang='lat' dir='ltr'><strong>porat.</strong></span> <span class='ocrx_word' id='word_1_224' title='bbox 834 3043 868 3051; x_wconf 97' lang='lat'>—</span> <span class='ocrx_word' id='word_1_225' title='bbox 878 3017 902 3066; x_wconf 85' lang='lat'><strong><em>3.</em></strong></span> <span class='ocrx_word' id='word_1_226' title='bbox 915 3012 1112 3071; x_wconf 70' lang='lat' dir='ltr'><strong>trutinent.-</strong></span> 
     </span>
     <span class='ocr_line' id='line_1_33' title="bbox 93 3081 1045 3154; baseline 0.009 -21"><span class='ocrx_word' id='word_1_227' title='bbox 93 3087 117 3134; x_wconf 82' lang='lat'><strong><em>7.</em></strong></span> <span class='ocrx_word' id='word_1_228' title='bbox 138 3081 256 3135; x_wconf 85' lang='lat' dir='ltr'><strong><em>abiectis</em></strong></span> <span class='ocrx_word' id='word_1_229' title='bbox 275 3081 344 3153; x_wconf 86' lang='lat' dir='ltr'><strong>illis]</strong></span> <span class='ocrx_word' id='word_1_230' title='bbox 368 3082 529 3153; x_wconf 68' lang='lat' dir='ltr'><strong><em>abtpillius.</em></strong></span> <span class='ocrx_word' id='word_1_231' title='bbox 553 3115 588 3124; x_wconf 94' lang='lat'>-</span> <span class='ocrx_word' id='word_1_232' title='bbox 612 3089 653 3138; x_wconf 79' lang='lat'><strong><em>20.</em></strong></span> <span class='ocrx_word' id='word_1_233' title='bbox 673 3082 747 3136; x_wconf 88' lang='lat' dir='ltr'><strong>siout</strong></span> <span class='ocrx_word' id='word_1_234' title='bbox 764 3082 906 3152; x_wconf 90' lang='lat' dir='ltr'><strong>proportio</strong></span> <span class='ocrx_word' id='word_1_235' title='bbox 924 3102 944 3154; x_wconf 77' lang='lat'><strong><em>9</em></strong></span> <span class='ocrx_word' id='word_1_236' title='bbox 963 3085 1002 3139; x_wconf 84' lang='lat' dir='ltr'><strong><em>ad</em></strong></span> <span class='ocrx_word' id='word_1_237' title='bbox 1022 3105 1045 3142; x_wconf 88' lang='lat' dir='ltr'><strong><em>e.</em></strong></span> 
     </span>
    </p>
   </div>
   <div class='ocr_carea' id='block_1_5' title="bbox 78 3185 1116 3614">
    <p class='ocr_par' dir='ltr' id='par_1_5' title="bbox 91 3185 1114 3472">
     <span class='ocr_line' id='line_1_34' title="bbox 164 3185 1112 3259; baseline 0.009 -20"><span class='ocrx_word' id='word_1_238' title='bbox 164 3189 189 3255; x_wconf 87' lang='lat'><strong><em>1)</em></strong></span> <span class='ocrx_word' id='word_1_239' title='bbox 209 3185 255 3241; x_wconf 87' lang='grc' dir='ltr'><strong><em>Δι’</em></strong></span> <span class='ocrx_word' id='word_1_240' title='bbox 273 3187 334 3242; x_wconf 79' lang='grc' dir='ltr'><em>ἴσου</em></span> <span class='ocrx_word' id='word_1_241' title='bbox 353 3187 439 3259; x_wconf 74' lang='grc' dir='ltr'><strong><em>λόγος.</em></strong></span> <span class='ocrx_word' id='word_1_242' title='bbox 468 3189 510 3242; x_wconf 87' lang='lat' dir='ltr'><strong><em>Ex</em></strong></span> <span class='ocrx_word' id='word_1_243' title='bbox 524 3192 619 3244; x_wconf 88' lang='lat' dir='ltr'><strong>nostro</strong></span> <span class='ocrx_word' id='word_1_244' title='bbox 634 3190 714 3243; x_wconf 88' lang='lat' dir='ltr'><strong><em>textu</em></strong></span> <span class='ocrx_word' id='word_1_245' title='bbox 727 3191 816 3257; x_wconf 86' lang='lat' dir='ltr'><strong><em>patet,</em></strong></span> <span class='ocrx_word' id='word_1_246' title='bbox 833 3205 947 3243; x_wconf 88' lang='lat' dir='ltr'><strong><em>sensum</em></strong></span> <span class='ocrx_word' id='word_1_247' title='bbox 960 3190 1050 3248; x_wconf 90' lang='lat' dir='ltr'><strong><em>huiue</em></strong></span> <span class='ocrx_word' id='word_1_248' title='bbox 1066 3210 1112 3248; x_wconf 82' lang='lat' dir='ltr'><strong><em>ex-</em></strong></span> 
     </span>
     <span class='ocr_line' id='line_1_35' title="bbox 91 3258 1114 3331; baseline 0.011 -21"><span class='ocrx_word' id='word_1_249' title='bbox 91 3258 325 3328; x_wconf 83' lang='lat' dir='ltr'><strong><em>pressionisesse:</em></strong></span> <span class='ocrx_word' id='word_1_250' title='bbox 345 3259 607 3316; x_wconf 77' lang='lat' dir='ltr'><strong><em>Sia2b=dzeet</em></strong></span> <span class='ocrx_word' id='word_1_251' title='bbox 622 3262 796 3330; x_wconf 76' lang='lat' dir='ltr'><strong><em>bzq=e:a,</em></strong></span> <span class='ocrx_word' id='word_1_252' title='bbox 815 3260 1068 3331; x_wconf 67' lang='lat' dir='ltr'><strong><em>erita29=a22</em></strong></span> <span class='ocrx_word' id='word_1_253' title='bbox 1083 3268 1114 3321; x_wconf 90' lang='lat' dir='ltr'><strong><em>et</em></strong></span> 
     </span>
     <span class='ocr_line' id='line_1_36' title="bbox 92 3329 1114 3405; baseline 0.008 -23"><span class='ocrx_word' id='word_1_254' title='bbox 92 3346 160 3397; x_wconf 78' lang='lat' dir='ltr'><strong>non,</strong></span> <span class='ocrx_word' id='word_1_255' title='bbox 184 3333 217 3383; x_wconf 92' lang='lat' dir='ltr'><strong><em>ut</em></strong></span> <span class='ocrx_word' id='word_1_256' title='bbox 235 3329 306 3384; x_wconf 87' lang='lat' dir='ltr'><strong>dicit</strong></span> <span class='ocrx_word' id='word_1_257' title='bbox 323 3330 491 3385; x_wconf 75' lang='lat' dir='ltr'><strong><em>Humanarus</em></strong></span> <span class='ocrx_word' id='word_1_258' title='bbox 515 3331 552 3385; x_wconf 86' lang='lat' dir='ltr'><strong><em>ad</em></strong></span> <span class='ocrx_word' id='word_1_259' title='bbox 570 3332 712 3386; x_wconf 83' lang='lat' dir='ltr'><strong><em>Encnrnau</em></strong></span> <span class='ocrx_word' id='word_1_260' title='bbox 730 3330 784 3386; x_wconf 86' lang='lat' dir='ltr'><strong>vol.</strong></span> <span class='ocrx_word' id='word_1_261' title='bbox 799 3331 837 3399; x_wconf 82' lang='grc' dir='ltr'><strong><em>Π,</em></strong></span> <span class='ocrx_word' id='word_1_262' title='bbox 855 3350 882 3400; x_wconf 92' lang='lat' dir='ltr'><strong><em>p.</em></strong></span> <span class='ocrx_word' id='word_1_263' title='bbox 900 3337 924 3401; x_wconf 81' lang='grc'><strong><em>7,</em></strong></span> <span class='ocrx_word' id='word_1_264' title='bbox 943 3336 1017 3388; x_wconf 85' lang='lat' dir='ltr'><strong><em>nota</em></strong></span> <span class='ocrx_word' id='word_1_265' title='bbox 1033 3343 1064 3405; x_wconf 86' lang='lat'><strong><em>1,</em></strong></span> <span class='ocrx_word' id='word_1_266' title='bbox 1088 3337 1114 3390; x_wconf 89' lang='lat' dir='ltr'><strong><em>si</em></strong></span> 
     </span>
     <span class='ocr_line' id='line_1_37' title="bbox 91 3401 634 3472; baseline 0.006 -17"><span class='ocrx_word' id='word_1_267' title='bbox 91 3403 361 3472; x_wconf 72' lang='grc' dir='ltr'><strong><em>αιῦτθτ-ατβεγ,</em></strong></span> <span class='ocrx_word' id='word_1_268' title='bbox 381 3401 434 3456; x_wconf 80' lang='lat' dir='ltr'><strong>erit</strong></span> <span class='ocrx_word' id='word_1_269' title='bbox 452 3420 634 3472; x_wconf 71' lang='lat' dir='ltr'><strong><em>a:c=u:y.</em></strong></span> 
     </span>
    </p>

    <p class='ocr_par' dir='ltr' id='par_1_6' title="bbox 78 3474 1116 3614">
     <span class='ocr_line' id='line_1_38' title="bbox 163 3474 1116 3543; baseline 0.009 -19"><span class='ocrx_word' id='word_1_270' title='bbox 163 3476 189 3542; x_wconf 81' lang='lat'><strong><em>2)</em></strong></span> <span class='ocrx_word' id='word_1_271' title='bbox 205 3474 477 3542; x_wconf 74' lang='lat' dir='ltr'><strong><em>„Properte&#39;orealitas</em></strong></span> <span class='ocrx_word' id='word_1_272' title='bbox 491 3475 638 3528; x_wconf 76' lang='lat' dir='ltr'><strong><em>ordinata“</em></strong></span> <span class='ocrx_word' id='word_1_273' title='bbox 654 3474 728 3543; x_wconf 85' lang='lat' dir='ltr'><strong><em>apud</em></strong></span> <span class='ocrx_word' id='word_1_274' title='bbox 737 3474 880 3528; x_wconf 80' lang='lat' dir='ltr'><strong><em>Eucnrosu</em></strong></span> <span class='ocrx_word' id='word_1_275' title='bbox 893 3490 952 3529; x_wconf 88' lang='lat' dir='ltr'><strong><em>non</em></strong></span> <span class='ocrx_word' id='word_1_276' title='bbox 966 3476 1116 3540; x_wconf 69' lang='lat' dir='ltr'><strong>definitur,</strong></span> 
     </span>
     <span class='ocr_line' id='line_1_39' title="bbox 78 3543 601 3614; baseline 0.011 -19"><span class='ocrx_word' id='word_1_277' title='bbox 78 3543 134 3596; x_wconf 83' lang='lat' dir='ltr'><strong><em>sed</em></strong></span> <span class='ocrx_word' id='word_1_278' title='bbox 148 3561 206 3614; x_wconf 85' lang='lat' dir='ltr'><strong><em>per</em></strong></span> <span class='ocrx_word' id='word_1_279' title='bbox 222 3561 253 3600; x_wconf 85' lang='lat' dir='ltr'><strong><em>se</em></strong></span> <span class='ocrx_word' id='word_1_280' title='bbox 271 3544 429 3602; x_wconf 68' lang='lat' dir='ltr'><strong><em>manifesta</em></strong></span> <span class='ocrx_word' id='word_1_281' title='bbox 447 3543 601 3601; x_wconf 82' lang='lat' dir='ltr'><strong><em>iudicatur.</em></strong></span> 
     </span>
    </p>
   </div>
   <div class='ocr_carea' id='block_1_6' title="bbox 0 0 1164 3840">
    <p class='ocr_par' dir='ltr' id='par_1_7' title="bbox 0 0 1164 3840">
     <span class='ocr_line' id='line_1_40' title="bbox 0 0 1164 3840; baseline 0 0"><span class='ocrx_word' id='word_1_282' title='bbox 0 0 1164 3840; x_wconf 95' lang='lat' dir='ltr'><strong><em> </em></strong></span> 
     </span>
    </p>
   </div>
  </div>
 </body>
</html>
