2340 3834
99 175 142 241 36
385 175 550 230 ANARITII
569 174 825 230 COMMENTARII

96 346 188 405 sibile.
238 346 318 422 Ergo
347 344 402 402 due
435 345 513 402 reete
544 362 604 402 non
637 345 886 420 comprehendunt
913 344 1107 421 superficiem.

96 433 181 504 Quod
207 433 233 492 si
260 434 325 509 quis
353 432 471 508 duerit,
505 452 589 491 araus
617 452 676 490 non
708 437 752 492 est
785 434 899 509 equalis
932 434 1022 510 arcui,
1056 435 1110 493 sed

97 522 250 599 quantitas
278 523 365 582 ailbe
392 524 438 581 est
470 522 584 597 equalis
617 523 781 597 quantitati
814 525 911 600 aqbe,
941 524 1108 582 necessario

97 611 244 686 concedet,
268 610 347 686 quod
371 611 496 687 angulus
519 612 587 670 bad
605 613 650 670 est
669 611 782 686 equalis
802 614 911 689 angulo
929 613 1003 689 baq,
1027 613 1110 688 quod

71 711 83 752 ⁵
98 704 143 760 est
160 699 350 776 impossibile.
395 700 436 756 Et
454 699 519 759 ideo
539 703 584 759 est
602 701 806 777 necessarium,
829 704 865 760 ut
883 702 938 761 hoe
956 702 1109 778 concedat,

99 790 252 866 quoniam,
280 783 347 867 <si>
374 788 550 849 semicirculi
577 795 830 867 superponuntur,
862 791 1035 867 cooperiunt
1068 808 1110 867 se,

98 882 128 938 et
151 879 241 937 etiam
265 878 334 954 quia
353 878 450 954 portio
474 880 560 939 udbe
583 882 627 938 est
658 882 771 956 equalis
793 882 923 957 portioni
951 882 1048 957 uqbe,
1079 884 1110 939 et

96 971 242 1046 punctum
261 970 277 1027 b
296 971 341 1027 est
355 971 496 1045 centrum,
516 989 584 1048 ergo
603 989 781 1045 unaqueque
795 970 920 1028 duarum
937 970 1111 1045 portionum

97 1061 144 1117 est
166 1057 372 1119 semicirculus.
423 1058 501 1136 Ergo
530 1060 586 1118 erit
613 1078 681 1135 pars
706 1062 794 1133 uelbq
817 1063 900 1118 extra
923 1051 1107 1136 unaldum.¹)

58 1159 84 1198 1⁰
186 1148 270 1206 Dixit
292 1149 463 1215 Euonrnns:
490 1149 702 1223 Proposilioues
720 1167 777 1223 per
799 1166 829 1207 se
850 1153 915 1206 uole
937 1152 1016 1206 suul:
1048 1149 1111 1207 Res

96 1238 150 1295 uui
171 1240 215 1295 rei
238 1240 351 1311 equales
373 1243 442 1296 suul
465 1239 585 1311 equales.
631 1239 674 1296 El
695 1240 722 1296 si
743 1239 892 1311 equalibus
916 1238 1031 1309 equaliu
1055 1238 1110 1296 uu-

97 1325 215 1395 duutur,
238 1329 336 1386 aurula
366 1331 449 1386 eruut
472 1329 593 1400 squulla.
643 1327 733 1385 Etsi
756 1327 791 1385 de
814 1327 964 1399 equalibus
993 1326 1111 1398 equaliu

97 1414 258 1490 alemauuar,
273 1434 326 1488 que
340 1417 529 1489 reliuquulur,
547 1421 631 1475 eruta
644 1418 767 1489 equaliu.
791 1415 833 1472 Et
846 1433 911 1473 euru
924 1415 1112 1487 iuequullbus

98 1507 212 1576 equalia
239 1506 341 1563 addila
367 1506 489 1577 fuerint,
518 1508 616 1564 amaia
645 1509 728 1563 eruut
759 1497 959 1581 <lu>equulia
1013 1503 1056 1560 El
1083 1505 1113 1561 si

57 1601 83 1641 ¹5
97 1592 132 1650 de
158 1594 340 1666 iuequullbus
363 1595 516 1653 deruaulur
539 1596 666 1668 equaliu,
695 1610 748 1668 que
777 1594 994 1665 reliuquuulur‚
1025 1596 1114 1650 erlem

96 1675 296 1761 <lu>equalia
350 1683 392 1741 Et
418 1701 591 1757 quecumque
621 1686 690 1741 stult
716 1682 808 1753 dupla
834 1683 923 1739 auius
954 1683 1010 1748 rei,
1039 1685 1113 1738 suut

96 1772 136 1830 uel
158 1773 279 1829 luuleeu
303 1774 425 1845 equalla.
471 1773 513 1830 Et
535 1789 596 1845 que,
625 1789 690 1830 euul
711 1773 948 1843 superponuntur
972 1770 1112 1838 uicissim,

95 1877 126 1919 se
149 1862 319 1933 eoepertuul,
343 1865 412 1919 siuet
434 1862 557 1935 aqualia.
603 1860 645 1917 El
666 1876 748 1917 ouuue
767 1863 855 1916 blau
874 1861 1028 1916 ustulatus
1052 1875 1112 1917 sua

89 1954 185 2024 purte.
231 1949 273 2006 El
299 1951 355 2009 elue
381 1954 454 2009 reete
477 1952 550 2008 lluee
576 1966 635 2007 uou
662 1948 903 2021 eomprebeuduat
925 1949 1112 2020 superficiem

54 2052 83 2103 so‘
97 2055 188 2111 aeque
210 2039 310 2098 loeuul.

188 2125 285 2204 Supra
308 2128 363 2188 hoe
383 2125 628 2184 Slunnnrornus:
651 2125 717 2182 Iam
735 2124 861 2182 diximus
879 2123 911 2180 in
929 2123 1114 2198 precedenti-

95 2226 160 2300 bus,
183 2237 237 2298 per
260 2220 386 2276 senata
411 2233 481 2290 esse,
506 2233 562 2289 que
586 2231 702 2271 neeesse
727 2215 771 2271 est
793 2232 846 2287 per
869 2231 899 2270 se
918 2208 998 2287 <ab>
1019 2212 1114 2269 omni-

97 2315 152 2373 bus
175 2308 276 2384 recipi,
301 2307 331 2364 et
352 2308 387 2363 ut
409 2323 462 2379 per
485 2321 515 2360 se
538 2303 778 2360 demonstrantur
801 2301 911 2376 absque
934 2299 1029 2359 modo.

186 2397 271 2457 Dixit
293 2395 466 2453 Eucnrnns:
489 2391 539 2450 Eu
558 2408 612 2464 que
629 2395 699 2449 suut
717 2391 832 2463 equaliu
850 2391 904 2447 uui
920 2406 961 2456 re,
985 2393 1055 2447 suut
1072 2389 1114 2447 uel

61 2505 87 2545 2⁵
100 2493 222 2552 iuuleeul
245 2485 369 2558 equulia.

190 2576 287 2650 Supra
308 2572 364 2629 hoe
388 2569 631 2627 subsannamus:
656 2566 688 2625 Si
710 2567 764 2625 hee
787 2567 877 2626 verba
897 2566 976 2624 dieta
1000 2565 1115 2624 fuerint

103 2661 181 2748 (de)
209 2660 374 2739 equalibuS,
404 2661 500 2717 essent
526 2676 597 2716 vera
625 2660 654 2715 et
681 2656 779 2714 lueida
808 2655 845 2713 ad
876 2654 1115 2731 intelligendum,

104 2757 155 2817 sed
174 2753 199 2813 si
217 2748 412 2810 communiter
430 2747 509 2804 dieta
528 2746 648 2819 fuerint,
666 2764 726 2802 non
745 2745 804 2803 sint
822 2762 901 2802 vera.
932 2743 1017 2801 Lieet
1035 2743 1116 2801 enim

106 2846 207 2920 aliqua
230 2840 290 2898 sint
312 2837 448 2913 longiora
471 2835 572 2910 aliqua
594 2854 639 2909 re,
666 2852 725 2891 non
753 2834 853 2890 tamen
881 2832 1046 2891 necessario
1071 2850 1115 2889 se·

69 2950 95 2989 eo
109 2935 223 3011 quitur,
246 2926 327 3003 quod
348 2945 440 2983 unum
464 2925 503 2982 sit
524 2924 643 3000 longius
667 2922 739 2995 alio,
762 2941 858 2996 neque
880 2921 939 2995 illi,
964 2921 1017 2995 qui
1046 2923 1116 2978 sunt

107 3025 213 3081 fratres
246 3017 335 3076 unius
361 3014 500 3089 hominis,
530 3015 599 3072 sunt
629 3012 736 3068 fratres
767 3010 943 3085 necessario,
974 3009 1114 3084 quoniam

109 3128 320 3143 μ’...

183 3196 223 3244 17.
243 3193 294 3256 eqIl
308 3184 333 3254 q'
350 3186 444 3239 autem
459 3181 689 3252 superponuntur.
710 3211 742 3219 -
763 3183 804 3233 27.
822 3177 923 3232 lucina.
943 3210 978 3218 —
997 3183 1039 3232 29.
1054 3177 1113 3232 lon·

112 3263 204 3334 giora]
222 3257 370 3329 longicam.

185 3423 211 3492 1)
233 3414 441 3474 Demonstratio
466 3412 541 3482 opud
559 3409 727 3465 Gnnrrannu
749 3408 849 3490 melius
871 3408 1003 3478 quadrat,
1032 3425 1118 3478 quam

115 3493 189 3564 apud
207 3486 501 3545 Brennoax-Hnraxno.
544 3482 598 3536 Sed
623 3481 716 3535 confer
743 3483 829 3563 etiam
856 3480 985 3562 Paocauu
1004 3486 1064 3550 238,
1083 3485 1118 3535 25

116 3571 216 3634 -239,
232 3569 278 3633 15,
298 3559 375 3615 cuius
394 3556 448 3610 loei
465 3555 631 3609 Hrmxxows
649 3570 705 3607 non
723 3552 793 3606 facit
810 3552 989 3606 ment1onem.
