2340 3834
103 187 168 252 298
388 187 554 242 ANARITII
572 186 830 242 cOMofflNTARH

103 356 244 432 quadrati
271 375 291 415 a
318 356 357 415 ad
384 356 566 432 quadratum
591 357 611 415 d
634 360 680 416 est
703 356 780 415 sicut
803 357 959 433 proportio
984 359 1001 416 b
1024 356 1062 415 ad
1081 375 1112 431 93

103 444 155 504 sed
186 444 340 520 proportio
374 447 390 504 b
423 444 461 503 ad
490 464 510 519 y
541 465 600 504 non
633 448 679 504 est
710 447 788 505 sicut
816 445 971 521 proportio
1000 446 1113 504 numeri

103 534 244 609 quadrati
271 532 309 592 ad
336 553 493 592 numerum
522 534 714 610 quadratum:
742 553 813 610 ergo
837 553 869 610 a,
894 554 952 609 que
979 538 1025 593 est
1047 535 1112 610 duo,

104 624 149 681 est
166 617 461 700 <in>communieans
480 623 500 680 d
517 623 549 681 in
567 622 764 701 longitudine,
786 642 843 699 que
863 626 909 682 est
925 623 1012 682 radix
1030 624 1114 699 quin·

76 724 169 786 sque.
217 710 275 769 Sed
301 711 454 787 proportio
484 711 564 770 aad
586 714 607 771 d
630 715 675 770 est
697 712 774 771 sieut
797 711 950 788 proportio
975 713 1116 789 quadrati

103 819 122 859 o
150 800 188 858 ad
216 800 396 876 quadratum
423 819 450 875 e,
478 819 548 878 ergo
576 819 595 859 a
622 801 852 860 incommunicat
878 801 946 860 ein
970 802 1116 877 potentia,

103 909 173 966 ergo
196 889 261 964 ipsa
283 889 515 949 incommunicat
539 889 566 947 ei
588 889 619 947 in
642 889 837 967 longitudine.
880 889 913 948 Si
935 890 1016 948 enim
1039 909 1118 949 com-

101 979 269 1037 municaret
292 978 320 1036 ei
342 979 374 1036 in
396 978 592 1055 longitudine,
614 978 845 1037 communicaret
869 978 896 1037 ei
919 979 1117 1053 inpotentia.

101 1067 166 1126 Iam
192 1068 288 1144 igitur
314 1067 480 1125 invenimus
508 1066 583 1124 duas
610 1066 704 1125 lineas
729 1066 1013 1128 incommunicantes
1039 1068 1120 1126 linea

62 1169 88 1207 10
102 1174 134 1232 c,
157 1175 247 1214 unam
270 1157 302 1214 in
324 1155 524 1233 longitudino,
554 1174 612 1230 que
636 1158 681 1214 est
703 1157 735 1231 d,
760 1159 790 1215 et
815 1157 941 1214 alteram
964 1156 996 1214 in
1020 1156 1120 1235 longi·

101 1244 205 1303 tudine
234 1247 264 1303 et
291 1245 441 1321 potentia,
469 1263 526 1319 que
555 1247 600 1302 cst
622 1240 691 1323 <e>3
721 1247 751 1303 et
773 1244 849 1302 illud
873 1246 930 1320 est,
960 1246 1045 1320 quod
1069 1247 1121 1306 de-

101 1337 267 1393 monstrare
289 1334 448 1393 voluimus.
628 1334 631 1339 ’

191 1422 391 1481 Trcdecimi
413 1422 648 1480 theorematis
673 1414 910 1502 exempluml)

190 1511 257 1569 Sint
288 1511 345 1569 due
376 1511 454 1569 linee
484 1511 597 1570 diverse
626 1529 645 1569 o
673 1514 702 1568 et
730 1512 777 1584 bo.
827 1505 963 1588 <Ponam
990 1509 1122 1590 autem>

61 1612 87 1651 15
101 1599 294 1676 superficiem,
318 1619 375 1675 que
398 1599 433 1657 fit
456 1619 492 1658 en
515 1601 556 1658 bd
577 1599 610 1658 in
629 1601 671 1674 dy
690 1600 828 1674 equalem
845 1602 952 1674 quarte
972 1602 1122 1675 quadrati

100 1707 132 1763 o,
156 1708 214 1764 que
238 1689 294 1746 erit
317 1688 455 1746 undecim
478 1690 508 1746 et
527 1691 644 1764 quarta,
668 1691 698 1747 et
720 1687 874 1746 minuatur
897 1708 932 1746 ex
951 1690 992 1763 by
1010 1708 1122 1766 super-

99 1776 178 1835 ficies
207 1776 367 1852 quadrata,
397 1796 455 1852 que
483 1776 523 1835 sit
551 1777 733 1852 quadratum
760 1778 837 1836 linee
864 1778 919 1851 dp,
947 1780 978 1835 et
1006 1778 1122 1840 sitrod

369 1946 446 1981 c⁴
738 1930 1005 1982 deb

215 2000 218 2036 Ι
254 2035 339 2089 radix
352 2037 456 2089 radias
470 2041 503 2088 11
538 1998 542 2036 Ι
596 2005 740 2060 mmm·
806 2040 893 2077 davo

773 2171 893 2222 *mccc
906 2019 1004 2230 rari

99 2327 317 2386 communicans
350 2329 393 2403 dy
423 2329 455 2387 in
485 2329 685 2405 longitudine:
721 2327 785 2388 dico
818 2328 924 2404 igitur,
957 2327 1041 2402 quod
1075 2330 1121 2388 od

98 2420 196 2490 potest
220 2435 309 2492 supra
332 2436 352 2475 a
374 2417 536 2476 secundum
560 2419 753 2494 augmentum
776 2416 915 2492 quadrati
935 2415 1013 2473 lineo
1035 2435 1118 2476 com·

59 2517 85 2557 eo
99 2504 278 2563 municantis
302 2506 342 2580 by
364 2505 395 2563 in
417 2506 612 2583 longitudine,
637 2505 717 2580 quod
740 2504 782 2563 sic
803 2505 953 2579 probatur.
994 2503 1118 2564 Ponam

100 2593 190 2667 enim,
223 2596 257 2650 ut
288 2595 327 2652 de
358 2594 398 2653 sit
430 2595 545 2670 equalis
572 2595 627 2669 dy,
659 2596 690 2652 et
717 2596 826 2669 quarta
854 2593 993 2668 quadrati
1023 2613 1044 2653 a
1074 2595 1117 2654 sit

100 2681 213 2757 equalis
246 2681 412 2756 superficiei
444 2684 486 2742 bd
512 2683 543 2740 in
570 2684 619 2756 dy.
671 2681 857 2751 Quadratum
884 2682 978 2760 igitur
1005 2700 1026 2740 a
1056 2684 1118 2743 erit

100 2769 301 2845 quadruplum
323 2770 488 2845 superficiei
511 2773 553 2830 bd
574 2771 606 2829 in
629 2773 678 2845 dy.
717 2770 775 2830 Sed
797 2772 840 2845 dy
859 2775 904 2830 est
922 2771 1040 2846 equalis
1060 2774 1117 2831 de:

99 2876 169 2934 ergo
189 2858 368 2933 quadratum
388 2879 407 2919 a
426 2863 456 2919 et
474 2860 654 2936 quadratum
673 2862 710 2919 be
728 2860 884 2918 coniuncte
903 2862 973 2918 sunt
987 2861 1115 2936 aqualia

58 2958 84 2999 25
98 2946 188 3022 duplo
217 2947 381 3022 superficiei
410 2950 451 3008 bd
476 2949 508 3006 in
535 2950 575 3008 de
602 2952 632 3008 et
660 2949 806 3024 quadrato
835 2950 874 3008 dc
902 2948 999 3006 simul.
1052 2949 1115 3008 Sed

99 3036 300 3111 quadruplum
326 3036 491 3111 superficiei
519 3039 561 3096 bd
585 3039 678 3097 inde
702 3042 732 3096 et
755 3037 934 3113 quadratum
957 3039 995 3096 bc
1019 3039 1116 3097 simul

170 3229 211 3277 16.
231 3222 414 3277 exminuatur.
434 3257 467 3264 —
488 3230 600 3278 19-20.
620 3223 866 3279 communicantes.

170 3423 195 3489 1)
214 3418 349 3472 Eucnmas
368 3419 400 3488 X,
417 3423 449 3472 13
468 3419 621 3488 (Cumanus
639 3419 722 3488 idem,
741 3419 908 3474 Humanoius
927 3419 960 3488 X,
976 3423 1029 3489 17).
1062 3421 1115 3476 Vi·

89 3490 159 3545 deas
174 3509 204 3562 p.
221 3496 274 3547 278
292 3493 352 3548 not.
369 3497 393 3547 1.
431 3488 514 3558 Quod
532 3507 598 3562 crgo
614 3491 663 3545 liic
678 3490 807 3545 nominat
824 3490 979 3545 Theorcma
999 3497 1047 3563 13,
1068 3492 1113 3548 ibi

78 3560 232 3622 theorema
252 3571 289 3621 12
309 3563 486 3622 nominavit.
