2316 3840
379 164 430 219 AD
447 163 632 220 cucumin
650 164 717 219 LIB.
733 164 778 220 VI.
1019 164 1083 228 183

10 354 12 385 2
55 336 96 397 ad
116 354 169 411 qe,
195 353 258 410 que
283 335 328 392 est
348 334 462 409 quinta,
484 334 549 409 erit,
572 334 651 408 quod
669 337 877 411 congregatur,
900 334 1026 407 docima3
1055 337 1085 391 et

57 425 136 483 illud
159 426 222 498 est,
246 421 327 500 quod
349 421 550 482 demonstrare
573 423 728 481 voluimus.

150 511 258 583 Quod
295 511 475 588 sequitur,
513 510 710 570 addendum
752 512 871 589 figure
913 514 1089 572 vicesimo¹

57 605 160 661 sexte
185 601 298 659 huius
319 592 475 677 partis.¹)

150 689 202 748 Sit
226 690 330 765 itaque
351 689 439 749 huius
461 688 555 765 figure
575 690 740 764 exemplum
759 690 918 748 secundum
936 709 1081 749 numeros.
1109 714 1123 754 5

56 780 176 839 Ponam
202 797 279 856 ergo
301 777 485 854 superficiem
511 778 654 854 trianguli
677 780 742 852 obp
768 779 922 856 sexaginta
946 783 1082 855 quatuor,

57 2120 92 2176 ot
118 2115 225 2174 basim
253 2113 315 2173 eius
338 2116 377 2188 by
405 2116 479 2171 octo.
536 2111 608 2170 (lum
636 2132 706 2190 ergo
734 2113 953 2172 adiunxerimus
982 2113 1020 2173 ad
1043 2116 1083 2188 by

58 2203 256 2282 superficiem
277 2204 424 2261 rectorum
447 2201 624 2278 angulorum
646 2202 781 2277 equalem
804 2201 968 2276 superficiei
989 2202 1081 2260 trian-

61 2294 128 2373 guli
149 2293 226 2367 uby,
249 2291 307 2350 erit
323 2292 402 2350 latus
421 2291 484 2350 eius
503 2291 670 2366 secundum!
689 2291 768 2366 quod
786 2291 831 2348 est
846 2308 894 2365 92,
918 2293 983 2348 octo
1003 2290 1082 2349 cubi·

60 2387 177 2456 torum,
191 2380 250 2438 erit
263 2399 333 2457 crgo
346 2380 658 2456 parallelogrammum
668 2381 728 2453 boc
737 2379 940 2455 equilaterum.
968 2379 1082 2437 Ponam
1096 2403 1122 2441 ro

62 2474 171 2532 autem
187 2469 316 2546 figuram
335 2468 426 2527 aliam
444 2463 513 2546 (d),
536 2468 618 2527 cuius
636 2471 701 2526 tota
720 2466 887 2543 superficies
906 2467 946 2527 'sit
964 2471 1082 2527 centum

61 2558 271 2638 quadraginta
294 2560 422 2633 quatuor
444 2556 617 2616 cubitorum.
669 2555 742 2615 (lum
770 2575 839 2633 ergo
863 2557 1082 2617 adiunxerimus

63 2669 134 2708 eam
155 2646 195 2705 ad
215 2663 263 2722 qr,
287 2645 344 2705 crit
366 2646 445 2705 latus
469 2646 531 2705 eius
554 2646 722 2722 secundum,
746 2645 825 2721 quod
848 2649 892 2704 est
908 2647 959 2719 qd,
982 2647 1082 2706 decem

64 2742 96 2798 et
123 2738 196 2796 octo
223 2755 258 2794 ex
284 2735 421 2794 numeris.
472 2733 504 2793 Si
531 2736 624 2812 igitur
650 2734 881 2810 protraxerimus
907 2735 986 2793 inter
1008 2738 1081 2794 duas
1119 2767 1121 2771 ⁷

63 2828 164 2886 lineas
188 2825 229 2898 by
256 2827 285 2882 ot
309 2825 352 2898 ylo
374 2825 486 2882 lineam
512 2823 635 2882 terciam
663 2823 704 2882 ais
731 2823 995 2900 proportionalem,
1025 2844 1081 2900 que
1096 2845 1121 2885 15

27 2990 30 2995 Ι
63 2917 105 2976 ait
128 2915 213 2973 inter
235 2931 292 2988 eas,
316 2915 346 2972 et
368 2913 408 2972 sit
430 2915 507 2972 sicut
528 2913 608 2970 linea
631 2914 672 2987 tu,
696 2913 752 2970 erit
774 2912 853 2970 linea
872 2914 906 2970 llo
927 2913 1082 2971 duodecim

63 3005 246 3064 cubitorum.
305 2999 380 3060 Cum
416 3021 485 3080 ergo
521 3002 677 3060 fecerimus
714 3020 802 3078 supra
829 3002 863 3059 lot
897 3003 1082 3079 triangulum

62 3093 199 3154 similem
225 3091 376 3168 triangulo
400 3093 476 3166 obp,
509 3092 566 3149 erit
596 3090 848 3166 perpendicularis
881 3092 943 3149 eius
972 3092 1082 3168 viginti

61 3184 200 3260 quatuor
226 3178 399 3239 cubitorum.
450 3179 534 3248 Quod
561 3180 629 3238 inde
657 3181 714 3255 est,
742 3181 813 3254 quia
840 3180 992 3256 proportio
1015 3200 1080 3255 per·

13 3388 16 3393 ,
138 3338 164 3387 t.
182 3346 338 3385 numerum.
358 3363 391 3371 -
412 3336 453 3385 11.
472 3333 606 3385 centrum.
626 3363 660 3370 -
681 3335 722 3384 13.
742 3346 783 3384 ea.
804 3362 837 3370 -
859 3336 899 3384 15.
920 3330 987 3384 eius.

10 3430 17 3551 i
140 3479 167 3547 1)
191 3473 328 3529 Euormns
345 3473 393 3541 VI,
412 3479 446 3529 26
469 3472 511 3542 (id
529 3475 573 3526 eat
590 3472 641 3540 VI,
660 3478 694 3526 25
718 3471 838 3526 Crurlur
861 3474 890 3526 et
911 3471 1079 3540 Humanorrl:

10 3568 18 3649 p
61 3549 143 3605 Dato
158 3545 314 3615 muratori
328 3545 442 3599 similem
459 3545 564 3615 ulrl'que
577 3545 720 3616 proponite
739 3545 864 3616 equulco
881 3544 1040 3613 desipuere.
