2340 3834
373 173 424 228 AD
441 171 627 228 EUOLIDEM
643 173 710 228 LlB.
725 175 758 230 X.
999 174 1065 240 225

47 360 78 402 'e
98 344 177 402 sunt
192 341 442 400 communicantes
461 342 493 400 in
506 342 702 419 longitudine,
721 360 790 419 ergo
807 344 848 402 da
866 344 1065 403 communicat

46 448 88 491 ἐ.
144 430 205 489 Sed
227 430 409 506 quadratum
431 433 472 490 da
494 434 539 490 est
561 431 717 505 rationale,
741 431 820 489 enim
842 434 883 493 da
905 436 951 490 est
972 434 1063 492 ratio-

46 520 129 578 ralis
158 520 191 577 in
217 519 367 596 potentia,
400 538 469 597 ergo
498 519 679 595 superficies,
713 538 804 595 quam
830 521 982 580 continent
1005 522 1063 580 due

46 609 129 667 ineo
154 610 209 683 da,
230 626 278 683 ze,
311 612 356 668 est
382 609 546 668 rationalis.
593 608 634 666 lit
657 609 823 668 ostenditur
848 609 951 686 etiam,
984 611 1064 687 quod

45 697 204 774 [uadrata
231 716 334 755 earum
362 697 521 756 coniuncta
546 701 617 756 sunt
639 697 800 772 rationale,
829 699 971 773 quoniam
994 703 1063 759 sunt
1090 712 1104 752 ⁶

45 786 174 863 >qualia
198 786 343 861 quadrato
366 786 418 861 dc,
446 788 477 844 et
498 786 575 845 illud
598 788 656 861 est,
685 786 764 862 quod
787 785 989 847 demonstrare
1012 807 1064 848 vo-

47 893 172 934 mmus.

142 963 207 1021 Hec
230 966 331 1021 autem
354 962 451 1040 figura
474 962 558 1021 utilis
581 963 682 1022 existit
707 966 737 1021 et
760 963 922 1022 auxiliatur
943 964 1062 1041 figure

44 1052 223 1111 uicesima
246 1044 406 1132 tercie1),
431 1051 629 1110 ubidicitur:
662 1051 764 1110 Orneus
786 1055 953 1127 superficies
975 1057 1062 1112 recto·

44 1161 119 1200 rum
144 1142 319 1215 aequarum
337 1144 467 1199 contecta
486 1159 505 1198 a
523 1142 638 1200 doctam
656 1142 740 1200 lineis
758 1143 934 1215 inpotentia
950 1146 1063 1200 tascium
1076 1154 1106 1193 1⁰

44 1231 334 1288 communicantibus
366 1232 418 1288 alet
449 1233 490 1287 est
519 1231 653 1288 mediolis
685 1234 737 1290 aret
761 1231 923 1289 calceolis.
976 1229 1063 1298 Quod

44 1317 121 1376 ideo
146 1321 200 1392 est,
225 1319 373 1393 quoniam,
397 1311 465 1396 <si>
485 1316 542 1376 due
560 1319 639 1377 lineo
656 1321 704 1393 alc,
721 1320 755 1376 lcl
772 1317 855 1376 illius
876 1317 970 1395 figure
994 1337 1062 1378 con-

43 1408 152 1465 tinent
185 1406 382 1482 superficiem,
414 1406 473 1464 erit
499 1407 669 1482 superficies
695 1407 750 1465 illa
773 1407 887 1482 equalis
914 1407 1062 1482 quadrato

539 1496 619 1554 facto
648 1515 682 1553 ex
708 1497 755 1555 tr.
811 1495 870 1554 Sed
901 1496 957 1554 due
984 1495 1061 1555 linae

278 1559 295 1610 ’ὅ
385 1558 394 1611 l
443 1575 469 1610 m
539 1585 581 1644 at
621 1586 651 1642 et
691 1585 726 1642 tt
775 1587 843 1643 sunt
887 1584 1062 1643 latitudines
1075 1597 1103 1638 1⁵

539 1673 667 1730 duarum
703 1673 924 1748 superficierum
955 1675 1009 1748 aa,
1037 1675 1063 1732 tl

538 1761 619 1819 illius
653 1761 765 1838 figure,
801 1781 857 1837 qne
895 1765 966 1821 sunt
1001 1782 1061 1822 me-

50 1887 196 1949 h--—
281 1901 292 1948 t
371 1912 392 1948 n
539 1849 644 1908 diales:
669 1869 738 1927 ergo
757 1851 811 1925 aa,
829 1852 854 1910 tl
877 1853 948 1910 sunt
969 1852 1061 1911 ratio·

47 1937 49 1941 ’
538 1938 621 1997 nales
643 1938 675 1995 in
697 1938 840 2014 potentia.
880 1939 942 1998 Nos
961 1943 1062 2000 autem

51 2028 114 2085 iam
137 2027 305 2085 invenimus
328 2026 360 2084 in
379 2027 433 2085 hac
451 2026 555 2104 figura,
579 2045 668 2101 quam
686 2027 848 2102 posuimus,
871 2027 946 2086 duas
967 2028 1061 2087 lineas
1075 2041 1103 2080 2⁰

53 2115 216 2175 rationales
244 2118 363 2173 tantum
389 2115 421 2173 in
448 2114 584 2190 potentia
612 2117 643 2174 et
665 2116 849 2174 continentes
877 2116 1061 2191 superficiem

53 2204 238 2263 rationalem.
277 2203 421 2263 Similiter
444 2223 513 2281 crgo
538 2203 693 2280 contingit,
714 2207 751 2262 ut
773 2204 833 2263 sint
851 2204 909 2262 duc
927 2205 1004 2263 linea
1022 2206 1062 2264 alc

55 2296 84 2352 et
107 2294 141 2350 kl
173 2292 358 2351 continentes
386 2291 569 2368 superficiem
600 2292 777 2350 rationalem
809 2295 864 2350 aut
889 2291 1059 2368 medialem3

53 2385 84 2440 et
106 2381 183 2438 illud
206 2385 264 2455 est,
287 2381 368 2456 quod
390 2381 591 2440 demonstrare
613 2380 772 2439 voluimus.

143 2469 183 2527 st
209 2470 265 2528 hoc
292 2472 350 2544 est,
378 2470 457 2545 quod
483 2490 543 2530 non
566 2487 667 2529 omnes
695 2469 751 2527 due
774 2469 851 2527 lineo
874 2469 1060 2544 superficiem
1074 2483 1102 2523 25

55 2557 253 2634 continenteS,
282 2577 339 2633 que
361 2558 393 2616 in
416 2558 603 2636 longitudine
626 2560 697 2616 sunt
719 2551 949 2636 <ir>rationales
976 2561 1007 2617 et
1028 2559 1060 2616 in

53 2648 189 2723 potentia
207 2650 327 2705 tantum
340 2648 509 2722 rationales,
529 2647 715 2723 superficiem
728 2647 882 2706 continent
894 2647 1059 2724 medialem,

53 2736 106 2794 sed
120 2737 212 2794 etiam
221 2736 374 2794 continent
382 2737 567 2812 rationalem,
582 2736 658 2795 sicut
667 2739 819 2796 ostensum
829 2737 882 2794 est.
901 2735 1059 2796 secamus

53 2844 173 2900 quoque
195 2824 271 2881 illud
294 2825 470 2902 assignarit,
494 2824 743 2900 quemadmodum
766 2825 891 2882 diximus
913 2844 1005 2899 nunc,
1029 2825 1060 2882 in

51 2913 151 2990 figura
177 2913 318 2972 vicesima
345 2913 445 2971 tercia.
491 2912 549 2971 Sed
571 2913 651 2989 quod
677 2913 740 2989 ipse
767 2913 835 2988 plus
860 2914 976 2972 locutus
1000 2913 1059 2973 fuit
1073 2927 1100 2966 ³⁰

50 3002 88 3059 de
112 3003 209 3060 surdis
233 3020 322 3076 quam
342 3001 377 3059 de
396 3001 600 3077 rationalibus,
624 3021 714 3061 causa
732 3002 793 3060 fuit
809 3001 904 3079 figure
922 3000 1059 3061 habentis

126 3174 167 3223 10.
196 3171 331 3223 contacta
357 3171 386 3222 et
409 3146 526 3233 duabus.
555 3202 588 3209 -
618 3175 659 3225 11.
687 3168 997 3225 incommunicantibus,
1025 3201 1059 3210 —

52 3245 95 3293 27.
116 3239 300 3311 superficiem]
320 3238 435 3294 esulum‘.
455 3272 490 3280 -
509 3245 550 3294 31.
570 3239 674 3313 surdis]
694 3240 789 3296 sard’i.

126 3403 151 3468 1)
165 3401 301 3452 Eucamns
311 3399 344 3466 X,
355 3405 388 3452 23
403 3399 554 3469 (emmas
568 3400 651 3468 idem,
666 3400 832 3454 Hnmnaorus
842 3399 876 3468 X,
886 3403 945 3465 25):
965 3398 1059 3454 &nais

49 3471 218 3539 superficies,
239 3488 321 3540 quam
339 3473 477 3527 reclinent
494 3472 547 3527 duc
565 3473 634 3526 llaec
651 3472 779 3526 mediales
796 3471 980 3540 potentialiter
997 3477 1061 3523 tea

48 3548 110 3595 rum
127 3543 361 3612 communicantes,
381 3550 432 3600 aar
449 3543 600 3603 retinaculis
619 3551 659 3602 cst
678 3549 730 3600 aar
747 3543 888 3599 maliolis.

94 3635 176 3677 comm.
193 3640 223 3680 ad
236 3641 330 3684 Euclld.
346 3645 382 3688 ed.
397 3643 519 3690 Ourtaa.
903 3632 944 3679 lb
