2340 3834
108 152 151 217 46
396 153 562 209 ANARITII
580 152 836 209 COMMENTARII

107 321 260 399 triangulo
302 321 426 382 duorum
466 323 617 399 equalium
651 325 786 382 laterum.
854 324 969 382 Deinde
1009 343 1119 400 ponam

107 413 251 486 punctum
280 429 299 469 a
331 415 477 488 centrum,
509 416 540 471 et
571 433 638 472 cum
667 413 778 489 spatie,
811 412 890 488 quod
917 414 963 471 est
994 412 1076 472 inter
1100 433 1118 474 a

108 501 139 557 et
161 500 189 575 d,
213 499 376 558 describam
403 500 547 560 circulum
569 503 638 562 dea.
682 502 797 561 Ponam
820 501 912 560 etiam
933 503 1118 577 punctumb

108 592 255 664 centrum,
284 591 314 647 εὴ
341 590 502 648 secundum
530 591 674 666 spatium,
707 591 786 666 quod
813 592 858 650 est
884 591 963 649 inter
989 593 1007 650 b
1036 595 1067 650 et
1090 610 1118 666 9,

80 677 327 736 coircumduoam
368 677 511 738 circulum
545 697 613 754 gea
681 679 717 737 In
762 679 987 739 circonferentia
1024 679 1119 757 igitur

105 785 165 841 gea
206 785 224 825 a
264 770 350 842 parte
392 768 530 827 exteriori
567 768 671 827 circuli
706 770 766 828 der
802 768 926 845 signabo
962 771 1117 845 punctum

108 855 363 932 qualitercumque
395 857 496 932 cadat,
531 858 610 932 quod
642 858 682 916 sit
712 860 855 932 punctum
883 861 906 933 t,
934 860 965 914 et
996 857 1116 916 coniun-

107 965 176 1022 gam
205 963 224 1003 o
251 964 318 1004 cum
341 949 352 1002 t
375 946 405 1003 et
433 947 450 1005 b
477 964 545 1004 cum
572 950 590 1004 t.
643 946 736 1005 Linea
768 965 837 1024 ergo
865 950 901 1006 ot
926 946 1047 1023 longior
1074 947 1116 1005 est

106 1034 186 1092 linea
223 1036 279 1110 od,
317 1033 368 1092 sed
403 1034 491 1106 linea,
515 1036 559 1094 od
593 1038 638 1094 est
675 1035 791 1110 equalis
824 1036 901 1093 linee
934 1037 987 1109 by:
1026 1032 1116 1112 <ergo

67 1123 187 1181 1⁰linea
210 1127 246 1182 at
273 1127 318 1182 est
344 1124 462 1200 longior
489 1125 537 1198 bg.
590 1123 647 1182 Sed
669 1124 749 1183 linea
771 1126 811 1198 bg
834 1127 879 1182 est
901 1124 1018 1199 equalis
1041 1125 1119 1183 lineo

108 1207 183 1291 etz>
211 1231 281 1290 ergo
309 1212 388 1269 linea
416 1217 451 1271 et
481 1216 525 1271 est
551 1214 668 1289 longior
694 1212 774 1271 linea
802 1215 842 1272 bt.
893 1211 951 1270 Sed
978 1212 1062 1272 linea
1087 1214 1120 1273 br

108 1305 153 1361 est
174 1302 291 1379 longior
313 1300 393 1359 linea
417 1302 471 1376 ba,
501 1302 643 1377 quoniam
665 1303 731 1378 ipsa
754 1305 799 1360 est
822 1302 936 1377 equalis
958 1302 1041 1360 lineo
1067 1303 1119 1376 by:
1162 1286 1164 1307 ¹

106 1391 297 1449 manifestum
320 1390 365 1447 est
389 1409 471 1466 ergo,
500 1391 580 1466 quod
603 1391 683 1448 linea
706 1395 742 1449 et
766 1394 811 1448 cst
833 1391 951 1467 longior
973 1389 1056 1449 linea
1078 1391 1119 1464 bt,
1162 1454 1164 1459 ,

109 1484 139 1539 εὴ
156 1481 236 1537 linea
255 1480 289 1537 bt
307 1480 352 1537 est
369 1478 487 1555 longior
505 1480 585 1538 linea
604 1481 657 1552 ba3
682 1482 712 1537 et
728 1478 805 1536 illud
824 1481 876 1554 est,
901 1479 980 1554 quod
998 1480 1119 1538 demon·
1162 1476 1164 1491 ³

83 1579 95 1618 5
110 1572 203 1627 strare
226 1567 384 1625 voluimus.

195 1657 340 1714 Tertius
375 1675 513 1731 quoque
547 1656 682 1732 modus,
716 1676 773 1732 quo
805 1659 1004 1731 monstratur,
1039 1656 1120 1732 quod

106 1745 185 1803 linea
213 1744 284 1802 data
312 1746 351 1802 sit
377 1745 495 1821 longior
522 1745 655 1821 qualibet
681 1745 809 1804 duarum
835 1745 1018 1820 reliquarum
1047 1746 1120 1804 line·

106 1852 203 1910 arum,
222 1832 278 1892 tali
297 1833 392 1891 decla-

105 1926 190 1981 ratur
198 1922 338 1997 exemplo.
346 1921 392 1980 Sit

66 2024 93 2063 2⁰
106 2012 187 2070 linea
228 2009 299 2070 data
338 2012 390 2069 ab.

128 2101 242 2160 Ponam
265 2101 367 2174 itaque

105 2193 249 2266 punctum
277 2208 296 2248 a
324 2206 389 2246 cen-

105 2282 203 2353 trum,
248 2280 278 2336 et
323 2295 390 2335 cum

106 2368 217 2444 spatio,
242 2365 321 2442 quod
345 2368 390 2423 est

66 2468 91 2507 25
106 2457 184 2515 inter
202 2475 221 2515 a
241 2458 270 2513 et
289 2456 314 2530 b,
340 2453 389 2511 de-

96 2545 233 2604 'scribam
249 2543 391 2602 circulum

107 2636 178 2708 hqd.
232 2633 306 2691 Post
334 2632 390 2690 hoc

106 2723 390 2799 ponampunctumb

107 2816 253 2886 centrum,
286 2811 316 2868 et
347 2829 389 2868 se·
901 2878 905 2884 ,

67 2913 93 2952 30
108 2900 237 2960 cundum
259 2898 389 2973 spatium
416 2901 458 2958 ub
485 2898 702 2958 circumducam
725 2899 867 2957 circulum
890 2901 967 2975 ede,
996 2902 1026 2959 et
1048 2921 1119 2977 pro-

107 2990 213 3048 ducam
241 2987 314 3045 duas
341 2988 435 3046 lineas
463 3005 517 3063 aq,
541 2989 594 3062 bh,
623 2988 715 3046 donec
743 3006 773 3046 se
805 3006 895 3063 supra
926 2993 1075 3064 punctum
1103 3009 1120 3052 a

107 3079 213 3137 secent.
251 3076 442 3136 Manifestum
467 3079 511 3134 est
533 3076 645 3151 itaque,
669 3076 747 3151 quod
773 3076 851 3135 linea
871 3079 912 3135 ab
935 3082 980 3137 est
998 3079 1120 3156 longior

106 3185 285 3242 unaquaque
308 3166 454 3224 linearum
477 3183 517 3224 aa
541 3168 570 3223 et
593 3167 643 3241 aa,
667 3168 697 3224 et
719 3165 794 3223 illud
817 3168 870 3241 est,
894 3167 973 3241 quod
996 3167 1119 3228 demon·

107 3259 201 3314 strare
225 3255 380 3315 voluimus.

180 3538 203 3586 5.
224 3530 283 3596 Que
302 3528 522 3584 circouserentia.
542 3560 576 3569 -
596 3535 636 3584 17.
656 3546 774 3597 quarum
793 3530 918 3585 duarum.
